date,filingDate,symbol,netIncome,eps,weightedAverageShsOut,revenue,ebitda,totalStockholdersEquity,totalDebt,netDebt,cashAndCashEquivalents,freeCashFlow,operatingCashFlow,bookValuePerShare,ROE,ROA,ROIC,debtToEquity
2015-10-31,2015-12-21,A,140000000,0.42,331000000,1035000000,219000000,4155000000,1655000000,-348000000,2003000000,210000000,237000000,12.55287009063444,0.03369434416365824,0.018719080090921245,0.04176516942474389,0.3983152827918171
2016-01-31,2016-03-08,A,121000000,0.37,329000000,1028000000,221000000,4045000000,1733000000,-198000000,1931000000,73000000,111000000,12.29483282674772,0.029913473423980222,0.016570802519857573,0.03544009050403277,0.4284301606922126
2016-04-30,2016-06-07,A,91000000,0.28,326000000,1019000000,205000000,4162000000,1889000000,-250000000,2139000000,229000000,254000000,12.766871165644172,0.02186448822681403,0.011910994764397905,0.026840490797546013,0.4538683325324363
2016-07-31,2016-09-07,A,124000000,0.38,325000000,1044000000,211000000,4343000000,1887000000,-312000000,2199000000,170000000,194000000,13.363076923076923,0.02855169237854018,0.016033100594776313,0.03466418836109702,0.43449228643794613
2016-10-31,2016-12-20,A,124000000,0.38,324000000,1111000000,226000000,4241000000,1904000000,-385000000,2289000000,182000000,234000000,13.089506172839506,0.029238387172836597,0.015909674108288425,0.036787942073589625,0.44895071917000706
2017-01-31,2017-03-08,A,168000000,0.52,322000000,1067000000,268000000,4297000000,1992000000,-249000000,2241000000,84000000,116000000,13.34472049689441,0.03909704444961601,0.021341463414634148,0.04580269921563006,0.4635792413311613
2017-04-30,2017-06-06,A,164000000,0.51,321000000,1102000000,265000000,4372000000,2043000000,-346000000,2389000000,214000000,257000000,13.61993769470405,0.03751143641354071,0.020459081836327345,0.04500068923723546,0.467291857273559
2017-07-31,2017-09-06,A,175000000,0.55,321000000,1114000000,263000000,4608000000,2081000000,-482000000,2563000000,185000000,228000000,14.355140186915888,0.03797743055555555,0.021183876044062463,0.046589427841641155,0.4516059027777778
2017-10-31,2017-12-21,A,177000000,0.55,322000000,1189000000,298000000,4826000000,2011000000,-667000000,2678000000,230000000,288000000,14.987577639751553,0.03667633651056776,0.021006408734868264,0.04632452916906932,0.41670120182345627
2018-01-31,2018-03-06,A,-320000000,-0.99,323000000,1211000000,304000000,4522000000,2145000000,-742000000,2887000000,155000000,215000000,14.0,-0.07076514816452897,-0.03679006668199586,-0.09192270136476147,0.47434763379035827
2018-04-30,2018-05-31,A,205000000,0.64,322000000,1206000000,296000000,4613000000,2115000000,-896000000,3011000000,255000000,303000000,14.326086956521738,0.04443962714068936,0.023337887067395265,0.05976825136087437,0.45848688489052675
2018-07-31,2018-08-30,A,236000000,0.74,320000000,1203000000,313000000,4564000000,1799000000,-332000000,2131000000,164000000,197000000,14.2625,0.051709027169149865,0.028266858306383997,0.05991344967113999,0.3941717791411043
2018-10-31,2018-12-20,A,195000000,0.61,319000000,1294000000,318000000,4567000000,1799000000,-448000000,2247000000,336000000,372000000,14.316614420062695,0.04269761331289687,0.0228310502283105,0.050833999976120266,0.39391285307641777
2019-01-31,2019-03-05,A,504000000,1.58,318000000,1284000000,320000000,5036000000,1798000000,-259000000,2057000000,174000000,213000000,15.836477987421384,0.10007942811755362,0.05630026809651475,0.11316320811414911,0.35702938840349485
2019-04-30,2019-05-30,A,182000000,0.57,317000000,1238000000,288000000,5125000000,1798000000,-357000000,2155000000,213000000,252000000,16.167192429022084,0.035512195121951216,0.020172910662824207,0.041147789544978754,0.3508292682926829
2019-07-31,2019-08-30,A,191000000,0.61,312000000,1274000000,295000000,4747000000,1798000000,33000000,1765000000,194000000,242000000,15.21474358974359,0.04023593848746577,0.022144927536231884,0.04319800972520638,0.3787655361280809
2019-10-31,2019-12-19,A,194000000,0.63,309000000,1367000000,328000000,4748000000,2407000000,1025000000,1382000000,284000000,314000000,15.36569579288026,0.040859309182813816,0.02052475666525603,0.03665968536919515,0.5069502948609941
2020-01-31,2020-03-03,A,197000000,0.64,310000000,1357000000,318000000,4848000000,2462000000,1236000000,1226000000,-93000000,-59000000,15.638709677419355,0.040635313531353134,0.020734659509525313,0.03533709197565889,0.5078382838283828
2020-04-30,2020-06-01,A,101000000,0.33,309000000,1238000000,217000000,4768000000,2488000000,1164000000,1324000000,280000000,313000000,15.43042071197411,0.02118288590604027,0.010682178741406664,0.019840562184091883,0.5218120805369127
2020-07-31,2020-09-01,A,199000000,0.64,309000000,1261000000,315000000,4981000000,2323000000,965000000,1358000000,265000000,290000000,16.119741100323626,0.0399518169042361,0.02084642782317201,0.03637148338086922,0.46637221441477617
2020-10-31,2020-12-18,A,222000000,0.72,308000000,1483000000,378000000,4873000000,2359000000,918000000,1441000000,350000000,377000000,15.821428571428571,0.045557151651959775,0.023060143346837023,0.04090909922976619,0.48409603940077983
2021-01-31,2021-03-02,A,288000000,0.94,306000000,1548000000,407000000,4804000000,2499000000,1170000000,1329000000,197000000,238000000,15.699346405228757,0.05995004163197336,0.029770518916683895,0.05114470397362932,0.5201915070774354
2021-04-30,2021-06-01,A,216000000,0.71,304000000,1525000000,370000000,4810000000,2932000000,1552000000,1380000000,441000000,472000000,15.822368421052632,0.04490644490644491,0.0207732256203116,0.03643888334237281,0.6095634095634096
2021-07-31,2021-09-01,A,264000000,0.87,303000000,1586000000,432000000,4946000000,2858000000,1430000000,1428000000,279000000,334000000,16.323432343234323,0.05337646583097452,0.025164426651415498,0.04406432378299357,0.5778406793368378
2021-10-31,2021-12-17,A,442000000,1.46,303000000,1660000000,553000000,5389000000,2729000000,1245000000,1484000000,379000000,441000000,17.785478547854787,0.08201892744479496,0.041289117234936945,0.0697495854687971,0.5064019298571163
2022-01-31,2022-03-03,A,283000000,0.94,301000000,1674000000,422000000,5154000000,2730000000,1617000000,1113000000,180000000,255000000,17.122923588039868,0.05490880869227784,0.027403892708434203,0.044547348108682196,0.529685681024447
2022-04-30,2022-05-31,A,274000000,0.92,299000000,1607000000,436000000,5122000000,2905000000,1719000000,1186000000,219000000,283000000,17.130434782608695,0.053494728621632175,0.02620755619320899,0.0425784650313228,0.5671612651308082
2022-07-31,2022-09-01,A,329000000,1.1,298000000,1718000000,497000000,5091000000,2912000000,1841000000,1071000000,244000000,326000000,17.083892617449663,0.06462384600274995,0.03138115223197253,0.04973248585394498,0.5719897858966804
2022-10-31,2022-12-21,A,368000000,1.24,296000000,1849000000,551000000,5305000000,2769000000,1716000000,1053000000,378000000,448000000,17.9222972972973,0.06936852026390197,0.03494113178883403,0.05506369431736189,0.5219604147031103
2023-01-31,2023-03-03,A,352000000,1.19,296000000,1756000000,502000000,5609000000,2971000000,1721000000,1250000000,220000000,296000000,18.949324324324323,0.06275628454269923,0.032237384375858595,0.05094998835390809,0.5296844357282938
2023-04-30,2023-05-26,A,302000000,1.02,296078431,1717000000,472000000,5781000000,2733000000,1558000000,1175000000,341000000,398000000,19.525231812647643,0.052240096869053794,0.027983691623424758,0.04376965038710743,0.472755578619616
2023-07-31,2023-08-31,A,111000000,0.38,294000000,1672000000,227000000,5558000000,2789000000,1460000000,1329000000,481000000,562000000,18.904761904761905,0.019971212666426773,0.010398126463700235,0.018692194098292703,0.5017992083483267
2023-10-31,2023-12-20,A,475000000,1.63,292000000,1688000000,504000000,5845000000,2735000000,1145000000,1590000000,432000000,516000000,20.017123287671232,0.08126603934987169,0.044132676762984296,0.07151372709312623,0.4679213002566296
2024-01-31,2024-03-05,A,348000000,1.19,293000000,1658000000,487000000,6188000000,2555000000,807000000,1748000000,395000000,485000000,21.119453924914676,0.05623787976729153,0.031786627694556084,0.05246569243894522,0.41289592760180993
2024-04-30,2024-06-03,A,308000000,1.05,293000000,1573000000,436000000,6214000000,2556000000,885000000,1671000000,230000000,333000000,21.208191126279864,0.04956549726424203,0.028371407516580693,0.04327038605271662,0.41132925651754104
2024-07-31,2024-08-30,A,282000000,0.97,290000000,1578000000,428000000,5903000000,2932000000,1153000000,1779000000,360000000,452000000,20.355172413793102,0.04777231915974928,0.025645689341578758,0.04252940243152655,0.4966965949517195
2024-10-31,2024-12-20,A,351000000,1.23,290000000,1701000000,502000000,5898000000,3390000000,2061000000,1329000000,388000000,481000000,20.337931034482757,0.0595116988809766,0.029630254938375823,0.04762030092503382,0.5747711088504578
2025-01-31,2025-03-03,A,318000000,1.12,285000000,1681000000,467000000,6027000000,3363000000,1896000000,1467000000,334000000,431000000,21.147368421052633,0.05276256844201095,0.02669128756085278,0.043198482946039556,0.5579890492782479
2025-04-30,2025-06-02,A,215000000,0.75,285000000,1668000000,362000000,6136000000,3495000000,2009000000,1486000000,107000000,221000000,21.529824561403508,0.03503911342894394,0.017683829577233096,0.029340794257921327,0.5695893089960886
2025-07-31,2025-08-29,A,336000000,1.18,285000000,1738000000,466000000,6370000000,3409000000,1874000000,1535000000,573000000,362000000,22.350877192982455,0.05274725274725275,0.027482414526419106,0.043874929407179394,0.5351648351648352
