date,filingDate,symbol,netIncome,eps,weightedAverageShsOut,revenue,ebitda,totalStockholdersEquity,totalDebt,netDebt,cashAndCashEquivalents,freeCashFlow,operatingCashFlow,bookValuePerShare,ROE,ROA,ROIC,debtToEquity
2015-10-31,2015-11-24,ADI,96305000,0.31,311166000,978722000,162406000,5072959000,869935000,-14418000,884353000,152168000,197975000,16.30306331668627,0.01898398942313549,0.0136367279329408,0.0202637517534459,0.17148472912948834
2016-01-30,2016-02-17,ADI,164504000,0.53,311166000,769429000,246795000,4994862000,1730948000,260506000,1470442000,196577000,219705000,16.05208152561655,0.032934643639804265,0.021650729967211457,0.03354643380220255,0.34654571037197823
2016-04-30,2016-05-18,ADI,170573000,0.55,308790000,778766000,265288000,4873701000,1731336000,611674000,1119662000,294686000,320203000,15.783221606917323,0.03499865912988918,0.022531891768507742,0.03404027214482658,0.3552405040850885
2016-07-30,2016-08-17,ADI,230430000,0.75,307135000,869591000,327524000,4983333000,1731758000,628088000,1103670000,216475000,254003000,16.225220180051117,0.04624013687224996,0.02998417837847052,0.04402354061978806,0.3475099897999993
2016-10-29,2016-11-22,ADI,296157000,0.96,308786000,1003623000,415861000,5165618000,1732177000,811045000,921132000,445760000,486984000,16.728795994637064,0.05733234629428657,0.037157675052237826,0.055491135246471326,0.33532812530853034
2017-01-28,2017-02-15,ADI,217129000,0.7,308786000,984449000,330249000,5306431000,3805400000,-1181863000,4987263000,286155000,314492000,17.184817316847266,0.040918085997914605,0.021280123990394938,0.06225808746315677,0.7171298373614959
2017-04-29,2017-05-31,ADI,93564000,0.27,341316000,1147982000,295892000,9966595000,12893533000,7195790000,5697743000,474535000,521464000,29.20049162652791,0.00938775981165082,0.0035144466844307166,0.009955429189828481,1.2936748207386775
2017-07-29,2017-08-30,ADI,68916000,0.18,367315000,1433902000,402326000,9922900000,8199230000,7290661000,908569000,-427900000,-364283000,27.014687665899842,0.006945147084017777,0.003263841644291178,0.0063108334871049,0.8262937246167955
2017-10-28,2017-11-22,ADI,347650000,0.94,369093000,1541170000,634917000,10161540000,7851084000,6803246000,1047838000,575704000,640919000,27.531110045435703,0.03421233395725451,0.016444121159281923,0.02390282716203642,0.7726273773463471
2018-02-03,2018-02-28,ADI,293240000,0.79,369093000,1566870000,641842000,10347779000,7434856000,6607306000,827550000,325466000,388688000,28.035695610591368,0.028338448279577676,0.014062032823078729,0.02042976875784629,0.7184977568616415
2018-05-05,2018-05-30,ADI,400328000,1.08,370384000,1563502000,704460000,10585355000,6982441000,6175924000,806517000,664594000,718494000,28.579406777830577,0.0378190433858855,0.01926835060496849,0.027400139048850657,0.6596321993924625
2018-08-04,2018-08-22,ADI,408557000,1.1,371315000,1558189000,692036000,10856217000,6555246000,5782671000,772575000,568988000,620738000,29.23721637962377,0.03763345924275464,0.019882458263855825,0.028071470874778324,0.603824149793616
2018-11-03,2018-11-27,ADI,404855000,1.09,368703000,1536128000,717814000,11268173000,6332674000,5516083000,816591000,628437000,714441000,30.561652603857304,0.03592907208648643,0.0197975244622448,0.03044332251464862,0.561996518867788
2019-02-02,2019-02-20,ADI,355006000,0.96,368703000,1541101000,659259000,11585437000,6234517000,5628653000,605864000,280774000,371767000,31.422139228593203,0.03064243498108876,0.016263582496063134,0.023651265814078788,0.5381339521331824
2019-05-04,2019-05-22,ADI,367937000,0.99,369246000,1526602000,669473000,11742258000,5986530000,5272929000,713601000,595673000,670882000,31.800636973724835,0.031334433292131716,0.016896193457803372,0.02478511731697536,0.5098278372013287
2019-08-03,2019-08-21,ADI,362374000,0.98,369533000,1480143000,653556000,11790237000,5690077000,5077913000,612164000,494452000,552547000,31.905775668208253,0.03073509039724986,0.016802516848931106,0.024784407468186758,0.48260921302939036
2019-11-02,2019-11-26,ADI,277694000,0.75,369051000,1443219000,543766000,11709188000,5491919000,4843597000,648322000,606829000,657905000,31.72783165470355,0.02371590583394852,0.012980818964801962,0.019735739769625938,0.46902646024643213
2020-02-01,2020-02-19,ADI,203874000,0.55,368241000,1303565000,478962000,11689517000,5493762000,4839354000,654408000,294809000,349648000,31.744202845419167,0.017440754823317337,0.009537149736955818,0.014995932738391593,0.46997339582123027
2020-05-02,2020-05-20,ADI,267696000,0.73,368217000,1317060000,548358000,11590858000,5591168000,4806231000,784937000,368880000,429041000,31.478334786280914,0.02309544297756042,0.012537903486956872,0.01909151157462313,0.4823774046753053
2020-08-01,2020-08-19,ADI,362665000,0.98,368791000,1456136000,620406000,11777560000,5592977000,4502713000,1090264000,536396000,557200000,31.9355949575776,0.030792880698548766,0.016790382103938375,0.025018214048717773,0.4748841865377888
2020-10-31,2020-11-24,ADI,386526000,1.05,369284000,1526295000,668119000,11997945000,5185025000,4129165000,1055860000,642710000,672598000,32.48975043597881,0.03221601699291004,0.018004245548720613,0.02675832223034992,0.4321594239680212
2021-01-30,2021-02-17,ADI,388519000,1.05,369203000,1558458000,680450000,12087746000,5146567000,4098504000,1048063000,360553000,427941000,32.74010774560337,0.03214155889774653,0.0181211290427148,0.026338305684978237,0.4257673018609094
2021-05-01,2021-05-19,ADI,422905000,1.15,368823000,1661407000,717218000,12167104000,5148046000,3842830000,1305216000,677192000,736362000,32.98900556635568,0.03475806568268012,0.0195896215051016,0.02880514353215314,0.42311185965041476
2021-07-31,2021-08-18,ADI,503311000,1.37,368476000,1758853000,813088000,12263963000,5149496000,3668795000,1480701000,543701000,630042000,33.28293565931024,0.04103983353504899,0.023257085215739062,0.03405487017016172,0.4198884161669438
2021-10-30,2021-12-03,ADI,75687000,0.16,483345000,2339568000,377417000,37992542000,6822451000,4844487000,1977964000,809949000,940726000,78.60336198781408,0.0019921541443581217,0.001446559712821765,0.0011488822042630504,0.17957342785855182
2022-01-29,2022-02-16,ADI,280077000,0.53,525291000,2684293000,945329000,37427312000,6253575000,4463176000,1790399000,745280000,856413000,71.25062489172669,0.00748322508439826,0.0054685862010753206,0.007759715996168294,0.16708587033982028
2022-04-30,2022-05-18,ADI,783273000,1.49,522370000,2972064000,1504899000,37099782000,6253215000,4515482000,1737733000,1103028000,1221807000,71.02203801902866,0.02111260384225438,0.015418561950740317,0.019882433043994237,0.1685512599507997
2022-07-30,2022-08-17,ADI,748985000,1.45,517010999,3109880000,1478095000,36638591000,6252839000,4727879000,1524960000,1082962000,1247846000,70.86617319721664,0.020442516471225653,0.014876702636963248,0.019199133486690712,0.17066264911770215
2022-10-29,2022-11-22,ADI,936226000,1.83,512231000,3247716000,1668333000,36465323000,6602253000,5131681000,1470572000,844824000,1149336000,71.18921541257752,0.025674419502605256,0.01861197339686913,0.023531606794286786,0.1810556566302731
2023-01-28,2023-02-15,ADI,961474000,1.9,507121000,3249630000,1721424000,36531485000,6543250000,4872788000,1670462000,1230147000,1406305000,72.0370187785558,0.026319050539555126,0.019139707117734977,0.02452934599092749,0.17911262025072344
2023-04-29,2023-05-24,ADI,977656000,1.94,504715000,3262930000,1732971000,36013224000,6729281000,5551672000,1177609000,797243000,1081581000,71.35358370565567,0.027147139062028994,0.019732791406974613,0.02488872005669115,0.18685583384592283
2023-07-29,2023-08-23,ADI,877019000,1.75,500018000,3076495000,1531859000,35903746000,6982360000,5833114000,1149246000,817880000,1142454000,71.80490702334716,0.024426949767302832,0.017772582702982664,0.022678736081129528,0.19447441500950904
2023-10-28,2023-11-21,ADI,498430000,0.99,497073000,2716484000,1179493000,35565122000,7013478000,6055417000,958061000,710901000,1187294000,71.54909238683251,0.014014573041532094,0.01021488538108759,0.013474970178091662,0.19720101058559564
2024-02-03,2024-02-21,ADI,462727000,0.93,495765000,2512704000,1115810000,35548073000,6990439000,5686879000,1303560000,915854000,1138832000,71.70347442840863,0.013016936248555582,0.009562754461476603,0.012907779852172903,0.19664748072279473
2024-05-04,2024-05-22,ADI,302242000,0.61,496130000,2159039000,930003000,35245095000,8058692000,6118997000,1939695000,619664000,807853000,71.04003990889484,0.008575434397325358,0.0061856417845360225,0.009042470659486063,0.22864719190003602
2024-08-03,2024-08-21,ADI,392232000,0.79,496338000,2312209000,1038477000,35190109000,8102417000,5996385000,2106032000,701141000,855027000,70.89948583425004,0.011146086532440124,0.00806756721234651,0.011441055542803677,0.23024699923492706
2024-11-02,2024-11-26,ADI,478072000,0.96,496166000,2443205000,1119593000,35176317000,7649817000,5658475000,1991342000,885407000,1050817000,70.89626657207467,0.013590734925432927,0.009912690847321791,0.01358500490994042,0.21747066357174347
2025-02-01,2025-02-19,ADI,391316000,0.79,496116000,2423174000,1026443000,35070535000,7566814000,5216820000,2349994000,977831000,1126809000,70.6901914068484,0.011157970644017834,0.008157932448743573,0.01139147087161501,0.2157598679347207
2025-05-03,2025-05-22,ADI,569770000,1.15,496173000,2640068000,1201238000,35010620000,7197137000,4820902000,2376235000,729210000,819478000,70.56131631507559,0.016274204798429732,0.0120345585326545,0.01601170745846643,0.2055701098695196
2025-08-02,2025-08-20,ADI,518518000,1.05,494390000,2880348000,1330293000,34085842000,8688603000,6367412000,2321191000,1085952000,1165105000,68.94524970165254,0.015212122382072885,0.010759286472211782,0.01415406514127311,0.25490357550797776
