date,filingDate,symbol,netIncome,eps,weightedAverageShsOut,revenue,ebitda,totalStockholdersEquity,totalDebt,netDebt,cashAndCashEquivalents,freeCashFlow,operatingCashFlow,bookValuePerShare,ROE,ROA,ROIC,debtToEquity
2015-10-31,2015-12-09,ADSK,-43800000,-0.19,225300000,599800000,24200000,1733100000,1486900000,149400000,1337500000,68400000,80400000,7.692410119840213,-0.02527263285442271,-0.008390804597701149,-0.011891987605135016,0.8579424153251399
2016-01-31,2016-03-23,ADSK,-32700000,-0.15,224500000,648300000,28500000,1624100000,1487700000,134700000,1353000000,139300000,169900000,7.234298440979956,-0.020134228187919462,-0.0059289612532409846,-0.0068927261935798805,0.9160150237054369
2016-04-30,2016-06-06,ADSK,-173000000,-0.77,223600000,511900000,-109400000,1435900000,1488400000,265000000,1223400000,142100000,164400000,6.421735241502684,-0.12048192771084337,-0.033233440909789455,-0.09407933801384134,1.036562434709938
2016-07-31,2016-08-30,ADSK,-98200000,-0.44,223181818,548200000,-16900000,1331700000,1489200000,21900000,1467300000,-38300000,-18000000,5.966883915247971,-0.07374033190658556,-0.019455561279074374,0.0,1.1182698806037397
2016-10-31,2016-12-01,ADSK,-142800000,-0.64,222300000,488600000,-85500000,1060600000,1489900000,53400000,1436500000,-14800000,7700000,4.7710301394511925,-0.134640769375825,-0.029570115132941274,-0.11857023247676689,1.4047708844050537
2017-01-31,2017-03-21,ADSK,-170500000,-0.77,220900000,478000000,-120200000,736500000,1490700000,277600000,1213100000,4700000,15600000,3.3340878225441375,-0.23150033944331297,-0.03553712118054108,-0.16093239895358913,2.024032586558045
2017-04-30,2017-05-31,ADSK,-129600000,-0.59,219661016,483700000,-88100000,508100000,1491500000,151300000,1340200000,36600000,45200000,2.3131095778961526,-0.25506790001968116,-0.029245836530216184,-0.18860938429874097,2.9354457783900805
2017-07-31,2017-08-31,ADSK,-144000000,-0.66,218181818,499000000,-94400000,315500000,1584900000,410800000,1174100000,-90300000,-72500000,1.4460416678717014,-0.45641838351822506,-0.03307303628847037,-0.1926183865857293,5.023454833597464
2017-10-31,2017-12-05,ADSK,-119800000,-0.55,217818181,512900000,-77300000,107300000,1585400000,560200000,1025200000,-64000000,-51100000,0.49261268966340327,-1.1164958061509787,-0.028853564547206164,-0.16462695012529302,14.775396085740914
2018-01-31,2018-03-22,ADSK,-173500000,-0.79,218900000,553000000,-163000000,-256000000,1586000000,508000000,1078000000,67900000,79300000,-1.1694837825491091,0.677734375,-0.04217716841695838,-0.6593274980188748,-6.1953125
2018-04-30,2018-06-08,ADSK,-82400000,-0.38,216842105,562400000,-26700000,-128600000,1586600000,493600000,1093000000,-33600000,-16900000,-0.5930582531469154,0.640746500777605,-0.02106662576059723,-0.17975351054236272,-12.337480559875583
2018-07-31,2018-08-30,ADSK,-39400000,-0.18,218888888,615200000,7500000,-241600000,1587200000,691800000,895400000,23300000,43300000,-1.1037563496599243,0.1630794701986755,-0.01027915470910514,-0.054978414152114734,-6.569536423841059
2018-10-31,2018-12-06,ADSK,-23700000,-0.11,215454545,663400000,50600000,-338300000,1587800000,712100000,875700000,26500000,39200000,-1.5701687796839003,0.0700561631687851,-0.006279143704959729,-0.14941028683090238,-4.693467336683417
2019-01-31,2019-03-25,ADSK,64700000,0.3,219200000,737300000,72700000,-210900000,2087700000,1201700000,886000000,293900000,311500000,-0.9621350364963503,-0.30678046467520154,0.013680960839042544,0.09359776611492396,-9.89900426742532
2019-04-30,2019-06-04,ADSK,-24200000,-0.11,219600000,732000000,62200000,-245300000,2288100000,1404900000,883200000,206500000,221200000,-1.117030965391621,0.09865470852017937,-0.005032754497244463,-0.07158643317262568,-9.32776192417448
2019-07-31,2019-09-04,ADSK,40200000,0.18,219600000,791800000,109100000,-194300000,2156000000,1232100000,923900000,204500000,219300000,-0.8847905282331512,-0.20689655172413793,0.00825004617563158,0.04485196417522897,-11.096242923314461
2019-10-31,2019-12-05,ADSK,66700000,0.3,219700000,837800000,144900000,-171500000,2043500000,1087300000,956200000,266700000,276400000,-0.780609922621757,-0.3889212827988338,0.01324306079498074,0.08560084872396898,-11.915451895043732
2020-01-31,2020-03-19,ADSK,131800000,0.6,220000000,895100000,165900000,-139100000,2544600000,769900000,1774700000,684200000,698200000,-0.6322727272727273,-0.9475197699496765,0.02132927677892318,0.22876754810251376,-18.29331416247304
2020-04-30,2020-06-02,ADSK,66500000,0.3,219200000,883000000,141800000,-139100000,2083600000,693900000,1389700000,303800000,327300000,-0.6345802919708029,-0.47807332854061824,0.011995165857970022,0.14807386664648453,-14.979151689432063
2020-07-31,2020-09-02,ADSK,98200000,0.45,219200000,911500000,162600000,67300000,2083200000,643400000,1439800000,63200000,91200000,0.30702554744525545,1.4591381872213967,0.017086283994223374,0.14202963995536663,30.953937592867756
2020-10-31,2020-12-04,ADSK,132200000,0.6,219600000,952600000,202100000,69300000,2098900000,561900000,1537000000,340200000,361100000,0.3155737704918033,1.9076479076479076,0.022239044494911264,0.22795805392695367,30.28715728715729
2021-01-31,2021-03-19,ADSK,911300000,4.15,219700000,1043599999,214300000,965500000,2104600000,332400000,1772200000,634100000,657600000,4.394629039599454,0.9438632832729156,0.1251820104947938,0.7497365365956218,2.1798032107716208
2021-04-30,2021-06-03,ADSK,155600000,0.71,220000000,994800000,175000000,1128400000,2091200000,1168000000,923200000,314900000,336100000,5.129090909090909,0.13789436370081531,0.02132003343244317,0.07322426711440605,1.8532435306628856
2021-07-31,2021-09-01,ADSK,115600000,0.52,220000000,1064800000,189300000,1327800000,2085000000,1161500000,923500000,179400000,202000000,6.035454545454545,0.08706130441331526,0.015578255127617712,0.0501525202217074,1.570266606416629
2021-10-31,2021-12-03,ADSK,136700000,0.62,220000000,1128800000,250600000,1279900000,3049500000,1300600000,1748900000,255100000,270400000,5.817727272727272,0.1068052191577467,0.016023912788653148,0.059108385545726436,2.3826080162512695
2022-01-31,2022-03-14,ADSK,89100000,0.41,219200000,1209900000,167200000,849100000,3060000000,1531600000,1528000000,715400000,722800000,3.8736313868613137,0.10493463667412554,0.010352279592880048,0.04646888363509698,3.603815804969968
2022-04-30,2022-06-02,ADSK,146000000,0.67,217000000,1164000000,286000000,681000000,3053000000,1535000000,1518000000,418000000,434000000,3.1382488479262673,0.2143906020558003,0.017673405156760684,0.08379153938720726,4.483113069016153
2022-07-31,2022-08-31,ADSK,186000000,0.86,217000000,1226000000,296000000,740000000,3045000000,1605000000,1440000000,245000000,257000000,3.410138248847926,0.25135135135135134,0.022608484259146713,0.08820674950371296,4.114864864864865
2022-10-31,2022-12-06,ADSK,198000000,0.92,216000000,1261000000,303000000,906000000,3035000000,1370000000,1665000000,459000000,469000000,4.194444444444445,0.2185430463576159,0.022929936305732482,0.09562230388240933,3.349889624724062
2023-01-31,2023-03-14,ADSK,293000000,1.36,216000000,1294000000,316000000,1145000000,2666000000,719000000,1947000000,903000000,911000000,5.300925925925926,0.25589519650655024,0.03104471286289468,0.15832377868331757,2.3283842794759826
2023-04-30,2023-06-01,ADSK,161000000,0.75,215000000,1249000000,254000000,897000000,2684000000,775000000,1909000000,708000000,723000000,4.1720930232558135,0.1794871794871795,0.01775278420994597,0.09629186602870815,2.992196209587514
2023-07-31,2023-08-29,ADSK,222000000,1.04,214000000,1328000000,291000000,1206000000,2665000000,951000000,1714000000,124000000,135000000,5.635514018691588,0.18407960199004975,0.024376852970242672,0.10292072322670376,2.2097844112769485
2023-10-31,2023-12-04,ADSK,241000000,1.13,214000000,1400000000,357000000,1482000000,2648000000,1122000000,1526000000,-2000000,18000000,6.925233644859813,0.16261808367071526,0.026121829611966182,0.09283914170506913,1.786774628879892
2024-01-31,2024-06-10,ADSK,282000000,1.32,214000000,1463000000,374000000,1855000000,2626000000,734000000,1892000000,422000000,437000000,8.66822429906542,0.15202156334231806,0.028450363196125907,0.10892236384704519,1.415633423180593
2024-04-30,2024-06-10,ADSK,252000000,1.17,215000000,1412000000,349000000,2161000000,2614000000,933000000,1681000000,453000000,494000000,10.051162790697674,0.11661267931513189,0.02563580874872838,0.08144796380090498,1.2096251735307728
2024-07-31,2024-09-03,ADSK,282000000,1.31,216000000,1500000000,398000000,2474000000,2603000000,1090000000,1513000000,198000000,212000000,11.453703703703704,0.11398544866612773,0.028313253012048192,0.07912457912457913,1.0521422797089732
2024-10-31,2024-12-03,ADSK,275000000,1.28,215000000,1567000000,399000000,2616000000,2578000000,1141000000,1437000000,199000000,209000000,12.167441860465116,0.10512232415902141,0.02713905062666535,0.07319669949427735,0.985474006116208
2025-01-31,2025-03-06,ADSK,303000000,1.4093023255813955,215000000,1633000000,418000000,2621000000,2559000000,960000000,1599000000,678000000,692000000,12.190697674418605,0.11560473101869516,0.027970091387427305,0.08461323652611002,0.9763449065242273
2025-04-30,2025-05-29,ADSK,152000000,0.71,214000000,1633000000,284000000,2617000000,2544000000,728000000,1816000000,549000000,564000000,12.228971962616823,0.0580817730225449,0.014359943316013226,0.045829340896605474,0.9721054642720672
2025-07-31,2025-09-02,ADSK,313000000,1.47,213000000,1763000000,497000000,2715000000,2734000000,731000000,2003000000,458000000,460000000,12.746478873239436,0.11528545119705341,0.028831982313927782,0.08963481687387359,1.006998158379374
