date,filingDate,symbol,netIncome,eps,weightedAverageShsOut,revenue,ebitda,totalStockholdersEquity,totalDebt,netDebt,cashAndCashEquivalents,freeCashFlow,operatingCashFlow,bookValuePerShare,ROE,ROA,ROIC,debtToEquity
2015-09-30,2015-11-09,AKAM,88040000,0.49,178546999,551030000,193401000,3085663000,619365000,362894000,256471000,49544000,182608000,17.28207708492485,0.02853195569315249,0.021037997194137174,0.026566502690590073,0.20072347498738521
2015-12-31,2016-02-29,AKAM,88420000,0.5,177787999,579159000,218116000,3120878000,624288000,334815000,289473000,138954000,217791000,17.55392949779473,0.028331770738875408,0.021113081060429688,0.02926352688548673,0.2000360155058929
2016-03-31,2016-05-09,AKAM,74858000,0.42,176402999,567725000,197919000,3113582000,623485000,310573000,312912000,109033000,191373000,17.650391533309477,0.02404240517834443,0.017892551948585862,0.02276516677263826,0.20024685394507033
2016-06-30,2016-08-08,AKAM,73635000,0.42,175498999,572135000,199102000,3150473000,628970000,302326000,326644000,166228000,244369000,17.951515495538523,0.023372680864111515,0.017245853477111623,0.022230913656278724,0.1996430377279856
2016-09-30,2016-11-08,AKAM,76000000,0.44,174428999,584065000,200863000,3168931000,634504000,252701000,381803000,171978000,251848000,18.167455057172003,0.0239828509992802,0.01745667700668522,0.023139576655255244,0.20022651171641162
2016-12-31,2017-02-28,AKAM,91639000,0.53,173336999,616124000,214502000,3224370000,640087000,315918000,324169000,105850000,181788000,18.6017412243303,0.028420745758086077,0.02095493724654974,0.02684746728910856,0.1985153688937684
2017-03-31,2017-05-09,AKAM,74583000,0.43,173157999,600293000,195807000,3258546000,645719000,123400000,522319000,51437000,142618000,18.818339428835742,0.02288842937923847,0.01676024355083545,0.023021772227137763,0.19816169543102966
2017-06-30,2017-08-08,AKAM,56752000,0.33,172673999,605832000,179643000,3287172000,651400000,298899000,352501000,127628000,224633000,19.03686727032945,0.017264688309586478,0.012642349509549816,0.016682714001792755,0.19816425790923017
2017-09-30,2017-11-08,AKAM,63911000,0.37,170975999,624440000,193429000,3272655000,657131000,288979000,368152000,116551000,236291000,19.141019904203045,0.019528792371942657,0.01417367503383133,0.01887499083072526,0.20079446198881337
2017-12-31,2018-03-01,AKAM,19107000,0.11,169428999,663452000,132259000,3310723000,662913000,349531000,313382000,90589000,197441000,19.540474296256686,0.005771246945153672,0.004151129171442699,0.006123910927423921,0.20023209431897504
2018-03-31,2018-05-09,AKAM,53714000,0.32,170115999,668724000,176638000,3386257000,668745000,305042000,363703000,78935000,192010000,19.90557631207868,0.015862351853388565,0.011460443823897395,0.01559408941503077,0.19748796384917033
2018-06-30,2018-08-08,AKAM,43061000,0.25,170249999,662759000,167055000,3445278000,1530007000,552519000,977488000,131047000,219681000,20.236581616661272,0.012498555994610595,0.007683010556846535,0.01269421214408093,0.4440881113222213
2018-09-30,2018-11-08,AKAM,107583000,0.65,165923999,669628000,233169000,3155530000,1545243000,839836000,705407000,223783000,310481000,19.017923983377475,0.034093480334523835,0.020056910222008777,0.030467776127816232,0.4896936489274385
2018-12-31,2019-02-28,AKAM,94015000,0.58,162957999,713363000,243949000,3191860000,1560632000,524177000,1036455000,168821000,286155000,19.58701027005124,0.02945461267098181,0.01721328433822735,0.028562488066617587,0.4889412442901631
2019-03-31,2019-05-09,AKAM,107130000,0.66,163235999,706508000,251876000,3283217000,1278510000,589812000,688698000,18421000,160850000,20.113314588162627,0.032629582510080815,0.02067044560410067,0.030208009676805134,0.3894077059177021
2019-06-30,2019-08-08,AKAM,113915000,0.7,163406999,705074000,247679000,3394764000,1288413000,772517000,515896000,184580000,317929000,20.77489961124615,0.03355608814044216,0.021319477560040396,0.029069291117313722,0.37952947539210385
2019-09-30,2019-11-08,AKAM,137890000,0.85,162444999,709912000,261049000,3501600000,2207157000,1468695000,738462000,144752000,297385000,21.555603567703553,0.039379140964130685,0.02168956846425775,0.03047890875436424,0.63032813570939
2019-12-31,2020-02-28,AKAM,119100000,0.74,161736999,772123000,261915000,3657958000,2671435000,2277690000,393745000,148474000,282140000,22.61670503729329,0.03255914912090297,0.01699756496680551,0.02259455774179193,0.7303077290663261
2020-03-31,2020-05-08,AKAM,123146000,0.76,161992000,764302000,271473000,3672218000,2671192000,2287089000,384103000,7814000,223243000,22.66913180897822,0.03353450149201382,0.01772406158012515,0.02335706732526983,0.7274056169867911
2020-06-30,2020-08-07,AKAM,161915000,1.0,162413000,794715000,313908000,3904295000,2685093000,2112805000,572288000,178452000,298691000,24.039301041172813,0.04147099540377969,0.02241100720047813,0.029562158002168704,0.6877280021104962
2020-09-30,2020-11-06,AKAM,158623000,0.97,162757000,792845000,304200000,4107617000,2708658000,1966137000,742521000,173214000,401973000,25.237728638399577,0.038616794116880904,0.021109223326488246,0.028911009141483108,0.6594232130210776
2020-12-31,2021-02-26,AKAM,113370000,0.7,162798000,846287000,274010000,4251296000,2776912000,2423995000,352917000,123648000,291093000,26.113932603594638,0.0266671622018321,0.01460176478240318,0.02121028874947537,0.6531918737250947
2021-03-31,2021-05-07,AKAM,155695000,0.95,163061000,842708000,317596000,4321363000,2814029000,2357230000,456799000,85074000,249793000,26.501511704208855,0.036029141731439826,0.01991514366992755,0.025898591905091122,0.6511901453314614
2021-06-30,2021-08-06,AKAM,156497000,0.96,163074000,852824000,341074000,4476657000,2833026000,2251958000,581068000,223564000,378133000,27.451690643511533,0.03495845225577926,0.01975738226962514,0.027286034637770212,0.6328441066626279
2021-09-30,2021-11-08,AKAM,178916000,1.1,162767000,860333000,351519000,4582445000,2845411000,1580821000,1264590000,273490000,389737000,28.153403331142062,0.03904378557735008,0.02204627578792369,0.03193844106987017,0.6209372943919677
2021-12-31,2022-02-28,AKAM,160534000,0.99,161757000,905358000,340996000,4530014000,2858937000,2322212000,536725000,277205000,386900000,28.0050569681683,0.03543785957394392,0.019724837206262003,0.026028970607211748,0.6311099700795627
2022-03-31,2022-05-09,AKAM,133376000,0.74,160494000,903647000,306349000,4300522000,3244294000,2866483000,377811000,91092000,222451000,26.795531297120142,0.03101390947424522,0.016062084503934895,0.020030488321794097,0.7543953966518483
2022-06-30,2022-08-09,AKAM,137840000,0.75,160038000,903332000,325293000,4280478000,3224013000,2797303000,426710000,223264000,341431000,26.74663517414614,0.032202011083808865,0.01678712623251534,0.019942399144766896,0.7531899474778284
2022-09-30,2022-11-08,AKAM,123694000,0.68,158715000,881896000,310760000,4233184000,3153330000,2695514000,457816000,271308000,369296000,26.67160633840532,0.029220085873895393,0.01525698410914811,0.018034710348175047,0.7449073794099194
2022-12-31,2023-02-28,AKAM,176818000,1.11,157451000,927779000,317894000,4360187000,3174617000,2632280000,542337000,230710000,341498000,27.69234237953395,0.040552847848039544,0.021294650384179974,0.025425674375885974,0.7280919373412196
2023-03-31,2023-05-09,AKAM,97106000,0.62,156135000,915698000,265024000,4171341000,3227232000,2928432000,298800000,11254000,233499000,26.716245556729753,0.02327932432280171,0.011866314128974098,0.013966329958272048,0.773667748572941
2023-06-30,2023-08-08,AKAM,128816000,0.85,152064000,935721000,291122000,4289167000,3283007000,2984395000,298612000,190022000,366311000,28.206327598905723,0.03003287118454469,0.015434524347993311,0.017945111237882897,0.7654183201540066
2023-09-30,2023-11-08,AKAM,160542000,1.06,151359000,965484000,331412000,4324204000,4502085000,4042178000,459907000,161817000,359436000,28.56918980701511,0.03712637054126031,0.01675438589167622,0.019399429464958845,1.041136125862702
2023-12-31,2023-12-31,AKAM,161165000,1.07,150979000,995017000,354620000,4597155000,4535979000,4046511000,489468000,255306000,389193000,30.448969724266288,0.035057551898946195,0.01627923208771846,0.01966635974482267,0.9866926392518851
2024-03-31,2024-05-09,AKAM,175418000,1.16,151628000,986970000,351263000,4633767000,4572958000,4105241000,467717000,178124000,351878000,30.56010103674783,0.03785645674458815,0.01765549076724661,0.02079994071248126,0.9868769836722476
2024-06-30,2024-08-08,AKAM,131688000,0.86,152265000,979580000,330265000,4754676000,4615500000,4167458000,448042000,267426000,430963000,31.22632252980002,0.027696524431948675,0.01305453107856312,0.015191422937418793,0.9707286048513085
2024-09-30,2024-11-08,AKAM,57907000,0.38,151776000,1004679000,244318000,4794138000,4650246000,4080497000,569749000,207425000,392542000,31.58693074003795,0.01207870945725801,0.0056824733179287245,0.006947853611731309,0.969985845213467
2024-12-31,2025-02-24,AKAM,139905000,0.93,150240000,1019939000,338640000,4878357000,4634605000,4116898000,517707000,180929000,343788000,32.47042731629393,0.028678712935523168,0.01349290201310954,0.0167908927382224,0.9500339971018931
2025-03-31,2025-05-09,AKAM,123171000,0.83,149052000,1015139000,354155000,4584561000,4618776000,3521750000,1097026000,55192000,251200000,30.75813139038725,0.02686647641944343,0.012339075894167512,0.01578599550087551,1.0074630918860061
2025-06-30,2025-08-08,AKAM,103618000,0.72,144757000,1043494000,333578000,4467508000,5271115000,4420813000,850302000,235368000,459149000,30.862120657377535,0.023193690979400595,0.009834536098863578,0.012131866848426008,1.1798781334023352
