date,filingDate,symbol,netIncome,eps,weightedAverageShsOut,revenue,ebitda,totalStockholdersEquity,totalDebt,netDebt,cashAndCashEquivalents,freeCashFlow,operatingCashFlow,bookValuePerShare,ROE,ROA,ROIC,debtToEquity
2015-09-30,2015-10-29,ALLE,-27300000,-0.28,95900000,544500000,19600000,14500000,1634900000,1459700000,175200000,83600000,92300000,0.15119916579770595,-1.8827586206896552,-0.01133250311332503,0.0180337092101798,112.75172413793103
2015-12-31,2016-02-26,ALLE,71900000,0.75,96000000,545400000,107800000,25600000,1523100000,1323400000,199700000,123600000,131500000,0.26666666666666666,2.80859375,0.0314619524788868,0.06485014796458238,59.49609375
2016-03-31,2016-04-28,ALLE,57700000,0.6,95900000,502300000,107700000,73700000,1496000000,1370500000,125500000,-8200000,-800000,0.7685088633993743,0.7829036635006784,0.025418502202643172,0.049563218390804596,20.29850746268657
2016-06-30,2016-07-28,ALLE,95000000,0.99,95800000,584900000,150000000,139200000,1485700000,1316600000,169100000,92900000,102000000,1.453027139874739,0.6824712643678161,0.04050309102536773,0.07482016477283188,10.673132183908047
2016-09-30,2016-10-27,ALLE,1600000,0.02,96000000,581100000,53900000,151800000,1473600000,1259100000,214500000,67300000,77200000,1.58125,0.010540184453227932,0.0006936616665221538,0.0024655701933389965,9.707509881422926
2016-12-31,2017-02-17,ALLE,74800000,0.78,95600000,569700000,114600000,113300000,1463800000,1151400000,312400000,183000000,199100000,1.1851464435146444,0.6601941747572816,0.03328290468986384,0.07073183004233846,12.919682259488084
2017-03-31,2017-04-27,ALLE,68400000,0.72,95300000,548800000,114700000,151400000,1451900000,1262300000,189600000,-48700000,-40900000,1.5886673662119621,0.45178335535006603,0.031298618101949296,0.057984395196768714,9.589828269484808
2017-06-30,2017-07-27,ALLE,105500000,1.11,95200000,627000000,155500000,265300000,1441000000,1195500000,245500000,91300000,104900000,2.786764705882353,0.3976630229928383,0.0451897541334704,0.08189083814597231,5.4315868827742175
2017-09-30,2017-10-26,ALLE,89800000,0.95,95000000,609400000,147000000,367200000,1447000000,1112100000,334900000,93700000,106000000,3.865263157894737,0.2445533769063181,0.036693498958035385,0.07058707786501338,3.940631808278867
2017-12-31,2018-02-20,ALLE,9600000,0.1,95100000,623100000,151200000,401600000,1477300000,1011100000,466200000,161600000,177200000,4.22292323869611,0.02390438247011952,0.0037765538945712038,0.014698776553287076,3.678535856573705
2018-03-31,2018-04-26,ALLE,72200000,0.76,95100000,613100000,121600000,456000000,1509400000,1357600000,151800000,-18800000,-10100000,4.794952681388013,0.15833333333333333,0.02747231840493132,0.045894796418296614,3.3100877192982456
2018-06-30,2018-07-26,ALLE,113900000,1.2,95000000,704700000,168000000,506000000,1461100000,1271500000,189600000,116600000,128800000,5.326315789473684,0.22509881422924902,0.0432800091195805,0.07066548677106178,2.8875494071146246
2018-09-30,2018-10-25,ALLE,116000000,1.22,95100000,711500000,164500000,596900000,1452700000,1263000000,189700000,130800000,141700000,6.276550998948475,0.19433740995141566,0.04248928610673602,0.06913483034988006,2.433740995141565
2018-12-31,2019-02-19,ALLE,132800000,1.4,94900000,702400000,161300000,651000000,1444800000,1161000000,283800000,180100000,197400000,6.859852476290833,0.20399385560675884,0.047256423030389294,0.08124388250239493,2.2193548387096773
2019-03-31,2019-04-25,ALLE,80200000,0.85,94500000,655000000,129800000,633700000,1436400000,1282600000,153800000,-24900000,-12600000,6.705820105820106,0.12655830834779863,0.02863467580691231,0.047921281303910365,2.2666877071169322
2019-06-30,2019-07-25,ALLE,109300000,1.17,93800000,731200000,165700000,660500000,1428200000,1270400000,157800000,102600000,119600000,7.041577825159915,0.16548069644208932,0.03836029902081213,0.0624265957210687,2.162301286903861
2019-09-30,2019-10-24,ALLE,131600000,1.41,93300000,748300000,187300000,685000000,1427100000,1194200000,232900000,152300000,172400000,7.341907824222937,0.19211678832116788,0.045927270189153345,0.07734743278047207,2.0833576642335765
2019-12-31,2020-02-18,ALLE,80700000,0.87,92900000,719500000,131400000,757400000,1427700000,1072400000,355300000,192600000,208800000,8.152852529601722,0.10654871930287826,0.02719735777837692,0.05010699135085656,1.885001320306311
2020-03-31,2020-04-23,ALLE,400000,0.0043,92700000,674700000,44700000,611300000,1431400000,1186100000,245300000,19000000,30800000,6.594390507011866,0.0006543432030099788,0.00014504840990680639,0.0005772226549460327,2.341567151971209
2020-06-30,2020-07-23,ALLE,73700000,0.8,92300000,589500000,120800000,677500000,1429300000,1126900000,302400000,84600000,97200000,7.3401950162513545,0.10878228782287823,0.026006563393203713,0.04688532821677966,2.1096678966789666
2020-09-30,2020-10-22,ALLE,146900000,1.59,92300000,728400000,193200000,824300000,1429100000,1000200000,428900000,152500000,161400000,8.930660888407367,0.17821181608637632,0.048518677544010305,0.0870189429241214,1.7337134538396215
2020-12-31,2021-02-16,ALLE,93300000,1.03,90700000,727300000,138800000,829400000,1429600000,949200000,480400000,187100000,200900000,9.144432194046306,0.11249095731854353,0.03039682022545123,0.05861824586657971,1.7236556546901374
2021-03-31,2021-04-22,ALLE,108000000,1.19,90700000,694300000,156200000,727700000,1429900000,1035600000,394300000,105500000,111800000,8.023153252480705,0.1484128074756081,0.03663624953356627,0.06752348622770155,1.9649580871238148
2021-06-30,2021-07-22,ALLE,118700000,1.32,90000000,746900000,169100000,784000000,1430400000,970200000,460200000,144100000,155700000,8.71111111111111,0.1514030612244898,0.03878958203980262,0.0738888718679951,1.8244897959183672
2021-09-30,2021-10-21,ALLE,143500000,1.6,89700000,717000000,173200000,864200000,1430900000,927000000,503900000,78100000,88900000,9.63433667781494,0.16604952557278407,0.046042288317772004,0.08717318125989686,1.6557509835686184
2021-12-31,2022-02-15,ALLE,112800000,1.26,89200000,709200000,158800000,759100000,1442100000,1044200000,397900000,115500000,132200000,8.510089686098654,0.14859702279014622,0.036971484759095376,0.06912267269042899,1.8997497035963642
2022-03-31,2022-04-26,ALLE,93000000,1.05,88200000,723600000,139600000,741600000,1439400000,1134300000,305100000,11800000,20500000,8.408163265306122,0.12540453074433658,0.030921665115041894,0.055133622844569866,1.940938511326861
2022-06-30,2022-07-28,ALLE,115100000,1.31,87900000,773100000,170200000,776900000,2030700000,1111100000,919600000,72700000,88600000,8.838452787258248,0.14815291543313167,0.03150231272408791,0.06889010388190267,2.6138499163341486
2022-09-30,2022-10-27,ALLE,114600000,1.3,87900000,913700000,186300000,791300000,2227100000,1944900000,282200000,141100000,158000000,9.002275312855518,0.14482497156577784,0.029061953186417466,0.0491192164315474,2.8144824971565776
2022-12-31,2023-02-22,ALLE,135300000,1.54,87900000,861500000,192200000,941800000,2094500000,1806500000,288000000,169900000,192400000,10.714448236632537,0.1436610745381185,0.03389957907396272,0.05759509068581003,2.223932894457422
2023-03-31,2023-04-26,ALLE,123500000,1.4,88000000,923000000,199600000,1041700000,2121900000,1829100000,292800000,46700000,69000000,11.8375,0.11855620620140156,0.029943749393851228,0.049933545142371125,2.0369588173178457
2023-06-30,2023-07-26,ALLE,142000000,1.62,87900000,912500000,213400000,1138600000,2059300000,1736700000,322600000,143400000,161100000,12.953356086461888,0.12471456174249078,0.03410346318266968,0.05658893118845124,1.8086246267345862
2023-09-30,2023-10-31,ALLE,156300000,1.78,87900000,917900000,221200000,1232100000,2017700000,1653400000,364300000,130300000,151000000,14.017064846416382,0.12685658631604577,0.037364633883961655,0.061499086586208014,1.6376105835565296
2023-12-31,2024-02-20,ALLE,118600000,1.35,87800000,897400000,187700000,1318300000,2015000000,1546900000,468100000,196000000,219500000,15.014806378132118,0.08996434802397027,0.02750782790212223,0.048317346252304806,1.5284836531897141
2024-03-31,2024-04-25,ALLE,123800000,1.41,87600000,893900000,204600000,1350900000,2013300000,1621500000,391800000,23900000,51100000,15.42123287671233,0.09164260863128285,0.028878676899391168,0.047887788055605354,1.4903397734843438
2024-06-30,2024-07-24,ALLE,155400000,1.78,87300000,965600000,244800000,1425300000,2404600000,1657100000,747500000,151396540,173000000,16.326460481099655,0.1090296779625342,0.03251658262015861,0.0571106208726245,1.6870834210341683
2024-09-30,2024-10-24,ALLE,174200000,2.0,87100000,967100000,253200000,1571000000,2402100000,1523200000,878900000,212000000,231900000,18.03673938002296,0.11088478676002546,0.03502422743631502,0.06463088483754673,1.5290260980267345
2024-12-31,2025-02-18,ALLE,144100000,1.66,86700000,945600000,217200000,1500700000,1999500000,1495700000,503800000,194900000,219000000,17.309111880046135,0.09602185646698208,0.0321092740318196,0.055558043651149094,1.332378223495702
2025-03-31,2025-04-24,ALLE,148200000,1.72,86300000,941900000,229900000,1606900000,1997000000,1502500000,494500000,83400000,104500000,18.619930475086907,0.09222726989856245,0.03247080475887908,0.05438138970562968,1.2427655734644347
2025-06-30,2025-07-24,ALLE,159700000,1.86,86000000,1022000000,256900000,1786500000,2067200000,1410400000,656800000,192000000,209700000,20.773255813953487,0.08939266722642038,0.03249369252055018,0.05608680040525787,1.157122865938987
