date,filingDate,symbol,netIncome,eps,weightedAverageShsOut,revenue,ebitda,totalStockholdersEquity,totalDebt,netDebt,cashAndCashEquivalents,freeCashFlow,operatingCashFlow,bookValuePerShare,ROE,ROA,ROIC,debtToEquity
2015-09-30,2015-11-02,AMP,397000000,2.2,180400000,2886000000,623000000,7629000000,11145000000,7575000000,3570000000,329000000,371000000,42.289356984478935,0.05203827500327697,0.0027330492430761603,0.0314939542697638,1.460872984663783
2015-12-31,2016-02-25,AMP,357000000,2.02,176600000,3103000000,625000000,7191000000,10423000000,7564000000,2859000000,645000000,669000000,40.719139297848244,0.04964539007092199,0.0025454545454545456,0.027526083932297704,1.4494507022667222
2016-03-31,2016-05-05,AMP,364000000,2.11,172600000,2765000000,595000000,7093000000,5556000000,2761000000,2795000000,593000000,621000000,41.095017381228274,0.05131820104328211,0.0025510919234111745,0.03839099635161158,0.7833074862540533
2016-06-30,2016-08-01,AMP,335000000,1.99,168300000,2871000000,525000000,7089000000,5401000000,2351000000,3050000000,716000000,724000000,42.121212121212125,0.04725631259698124,0.0023324954916691615,0.02775156672838627,0.7618846099590916
2016-09-30,2016-11-02,AMP,215000000,1.31,164000000,2998000000,350000000,6796000000,5844000000,2515000000,3329000000,330000000,360000000,41.4390243902439,0.03163625662154208,0.0015376803198375066,0.05037946038559981,0.8599175985874044
2016-12-31,2017-02-23,AMP,400000000,2.49,160400000,3062000000,611000000,6292000000,5436000000,2950000000,2486000000,240000000,266000000,39.22693266832918,0.06357279084551812,0.00283975947237269,0.04819530974156881,0.8639542275905913
2017-03-31,2017-05-03,AMP,403000000,2.56,157500000,2926000000,588000000,6227000000,5452000000,3275000000,2177000000,-27000000,6000000,39.53650793650794,0.06471816283924843,0.002815346783658414,0.04556853001592826,0.8755419945399069
2017-06-30,2017-08-02,AMP,393000000,2.53,155100000,3012000000,621000000,6250000000,5416000000,2853000000,2563000000,691000000,730000000,40.29658284977434,0.06288,0.002701290845854584,0.06027126102378623,0.86656
2017-09-30,2017-11-01,AMP,507000000,3.29,153000000,3014000000,740000000,6305000000,5370000000,2866000000,2504000000,390000000,443000000,41.209150326797385,0.08041237113402062,0.0034379873872652064,0.021479482426489293,0.8517049960348929
2017-12-31,2018-02-23,AMP,181000000,1.2,151000000,3160000000,711000000,5995000000,5297000000,2677000000,2620000000,485000000,522000000,39.70198675496689,0.030191826522101752,0.0012503281247841283,0.07351543612418883,0.8835696413678065
2018-03-31,2018-05-02,AMP,594000000,3.97,149500000,3168000000,803000000,5840000000,5256000000,3055000000,2201000000,-241000000,-208000000,39.063545150501675,0.10171232876712329,0.004146075885752575,0.05952167009268719,0.9
2018-06-30,2018-08-06,AMP,462000000,3.14,147000000,3196000000,679000000,5632000000,4492000000,1910000000,2582000000,733000000,769000000,38.31292517006803,0.08203125,0.003182015414178565,0.07236437401797102,0.7975852272727273
2018-09-30,2018-11-05,AMP,503000000,3.48,144400000,3292000000,683000000,5618000000,4441000000,1963000000,2478000000,500000000,548000000,38.905817174515235,0.08953364186543254,0.003665753264925373,0.07807782290728435,0.7904948380206479
2018-12-31,2019-02-27,AMP,539000000,3.81,141500000,3179000000,762000000,5588000000,4811000000,1714000000,3097000000,1443000000,1488000000,39.49116607773852,0.09645669291338582,0.0037326094333220224,0.06019481692570383,0.8609520400858983
2019-03-31,2019-05-01,AMP,395000000,2.85,138800000,3118000000,569000000,5843000000,5326000000,1979000000,3347000000,141000000,172000000,42.096541786743515,0.06760225911346911,0.002656748140276302,0.06922161186920044,0.9115180557932568
2019-06-30,2019-08-05,AMP,492000000,3.61,136100000,3245000000,691000000,6030000000,5012000000,651000000,4361000000,944000000,980000000,44.305657604702425,0.08159203980099503,0.0032906837532522258,0.08786857087215685,0.8311774461028192
2019-09-30,2019-11-12,AMP,543000000,4.09,132700000,3317000000,734000000,5997000000,4972000000,-420000000,5392000000,1389000000,1422000000,45.19216277317257,0.09054527263631816,0.003576415417446057,0.09079291015332502,0.8290812072703018
2019-12-31,2020-02-26,AMP,463000000,3.59,129000000,3074000000,635000000,5729000000,4926000000,1099000000,3827000000,-276000000,-233000000,44.41085271317829,0.0808168964915343,0.003178155159868755,0.30401825794505427,0.8598359224995636
2020-03-31,2020-05-11,AMP,2036000000,16.11,126400000,3001000000,2444000000,6693000000,3920000000,-4909000000,8829000000,4864000000,4893000000,52.950949367088604,0.30419841625578964,0.01314379414081161,-0.27857998431345804,0.5856865381742119
2020-06-30,2020-08-10,AMP,-539000000,-4.31,125000000,2712000000,-436000000,6500000000,4524000000,-3179000000,7703000000,-223000000,-190000000,52.0,-0.08292307692307692,-0.0033966235419410538,-0.03367895997800558,0.696
2020-09-30,2020-11-09,AMP,-140000000,-1.14,123000000,3003000000,-93000000,6067000000,4934000000,-2734000000,7668000000,891000000,936000000,49.32520325203252,-0.023075655183781112,-0.000843968339130592,0.06372637263726373,0.8132520191198286
2020-12-31,2021-02-24,AMP,177000000,0.0,119800000,3183000000,285000000,5867000000,4944000000,-1901000000,6845000000,-1056000000,-1016000000,48.97328881469115,0.030168740412476563,0.0010679570645058135,0.11957367849847435,0.8426793932162945
2021-03-31,2021-05-10,AMP,437000000,3.65,119800000,3350000000,595000000,5502000000,5705000000,-82000000,5787000000,-1022000000,-1000000000,45.926544240400666,0.07942566339512905,0.0025450923979196635,0.11554370467421733,1.0368956743002544
2021-06-30,2021-08-09,AMP,591000000,4.99,118400000,3418000000,824000000,5686000000,5591000000,-1625000000,7216000000,1898000000,1931000000,48.023648648648646,0.10393950052761168,0.003461687147827513,0.2666722249475033,0.983292296869504
2021-09-30,2021-11-09,AMP,1031000000,8.86,116400000,2903000000,1309000000,5707000000,5194000000,-2610000000,7804000000,812000000,843000000,49.029209621993125,0.18065533555282987,0.005860951622989028,0.2373256992351236,0.910110390748204
2021-12-31,2022-02-25,AMP,701000000,6.12,114600000,3760000000,911000000,5941000000,5196000000,-2052000000,7248000000,1517000000,1551000000,51.8411867364747,0.11799360377040902,0.004184450082077302,0.2205716587591959,0.8746002356505639
2022-03-31,2022-05-02,AMP,825000000,7.26,113700000,3625000000,1034000000,5010000000,4686000000,-2056000000,6742000000,365000000,409000000,44.06332453825858,0.16467065868263472,0.0052051458387225,0.2196850193698811,0.9353293413173652
2022-06-30,2022-08-01,AMP,614000000,5.47,112300000,3486000000,825000000,4304000000,5102000000,-2459000000,7561000000,1369000000,1409000000,38.325912733748886,0.14265799256505576,0.004003808182375419,0.5974673934005258,1.1854089219330854
2022-09-30,2022-11-02,AMP,1061000000,9.6,110500000,3484000000,1380000000,3257000000,5424000000,-2569000000,7993000000,1330000000,1372000000,29.475113122171944,0.32575990175007674,0.00667917306675396,0.7899415786903107,1.6653361989560946
2022-12-31,2023-02-23,AMP,494000000,4.54,108900000,3617000000,652000000,3803000000,5385000000,-1712000000,7097000000,1161000000,1217000000,34.92194674012856,0.1298974493820668,0.0029644743158905424,0.22837506363678436,1.415987378385485
2023-03-31,2023-05-02,AMP,417000000,3.86,107900000,3742000000,533000000,4144000000,6128000000,-2420000000,8548000000,1015000000,1056000000,38.40593141797961,0.10062741312741312,0.0024561052178983514,0.5547189116744247,1.4787644787644787
2023-06-30,2023-08-08,AMP,890000000,8.36,106400000,3876000000,1176000000,4080000000,6022000000,-1456000000,7478000000,518000000,561000000,38.34586466165413,0.2181372549019608,0.005389497141749831,0.35730779308688343,1.4759803921568628
2023-09-30,2023-11-02,AMP,872000000,8.31,104900000,3925000000,1157000000,3825000000,5980000000,-1121000000,7101000000,875000000,925000000,36.46329837940896,0.22797385620915034,0.0049774246393935765,0.16313064465898475,1.5633986928104575
2023-12-31,2024-02-22,AMP,377000000,3.64,103500000,3992000000,538000000,4729000000,5755000000,-1809000000,7564000000,2093000000,2143000000,45.690821256038646,0.0797208712201311,0.002096412743075443,0.36184779799296524,1.216959187989004
2024-06-30,2024-08-06,AMP,829000000,8.16,101600000,4220000000,1087000000,4993000000,5983000000,-1885000000,7868000000,1703000000,1720000000,49.14370078740158,0.16603244542359302,0.004613244296048971,0.28779540720549285,1.1982775886240737
2024-09-30,2024-11-01,AMP,511000000,5.09,100400000,4397000000,696000000,5715000000,5866000000,-4833000000,10699000000,2999000000,3048000000,56.92231075697211,0.08941382327209099,0.0027477697895885874,0.6575119970468808,1.026421697287839
2024-12-31,2025-02-20,AMP,1071000000,10.8,99200000,4501000000,1395000000,5228000000,5472000000,-3050000000,8522000000,325000000,383000000,52.70161290322581,0.204858454475899,0.005903981742308562,0.5197411853880385,1.046671767406274
2025-03-31,2025-05-02,AMP,583000000,5.92,98500000,4354000000,740000000,5426000000,6177000000,-1797000000,7974000000,1650000000,1686000000,55.08629441624365,0.10744563214154074,0.003255910063163538,0.1793577773740004,1.138407666789532
2025-06-30,2025-08-05,AMP,1060000000,10.88,97400000,4375000000,1406000000,6082000000,6006000000,-2375000000,8381000000,1726000000,1764000000,62.4435318275154,0.1742847747451496,0.005732735542419539,0.30330119443140463,0.9875041104899704
