date,filingDate,symbol,netIncome,eps,weightedAverageShsOut,revenue,ebitda,totalStockholdersEquity,totalDebt,netDebt,cashAndCashEquivalents,freeCashFlow,operatingCashFlow,bookValuePerShare,ROE,ROA,ROIC,debtToEquity
2015-09-30,2015-10-29,AMT,102999000,0.18,423375003,1237910000,682898000,6617891000,17027408000,16740004000,287404000,300259000,507155000,15.631274763758313,0.015563719620042094,0.003825149884197105,0.007450210716358567,2.5729356980947555
2015-12-31,2016-02-26,AMT,232702000,0.49,423736003,1280041000,749604000,6651679000,17119009000,16798323000,320686000,428702000,639437000,15.697696095934525,0.034983949165316004,0.008649258378000341,0.015167932975233795,2.5736372726344734
2016-03-31,2016-04-29,AMT,275159000,0.59,424059003,1289047000,812228000,6933249000,17022095000,16685692000,336403000,409290000,563512000,16.349727162849554,0.03968687696057072,0.010166856245946,0.018055163256174605,2.4551397187667714
2016-06-30,2016-07-28,AMT,187550000,0.38,424909003,1442227000,815059000,6773515000,18717076000,18306538000,410538000,582599000,747804000,15.941095510277997,0.02768872586832686,0.006101131814440493,0.013570599811174195,2.7632737212510787
2016-09-30,2016-10-27,AMT,264509000,0.56,425517003,1514845000,874210000,6707396000,18679136000,18148778000,530358000,511368000,667115000,15.76293297967226,0.039435423225347065,0.008628427754642743,0.017681261066975665,2.7848565971056427
2016-12-31,2017-02-27,AMT,229207000,0.48,426071003,1539549000,868286000,6763895000,18533465000,17746304000,787161000,517842000,725173000,15.875041841324274,0.033886835913331005,0.007422710793528967,0.015528938204571968,2.7400580582637666
2017-03-31,2017-04-27,AMT,316080000,0.68,427279003,1616238000,936300000,6852474000,18890084000,18177306000,712778000,514959000,683097000,16.037469550077564,0.04612640631690102,0.009859817341955079,0.01893500636239309,2.756680871755223
2017-06-30,2017-07-27,AMT,367051000,0.81,427298003,1662434000,993000000,6482709000,19241972000,18471948000,770024000,591987000,795361000,15.17140018087096,0.056620002532891726,0.011421015669509907,0.022008444113339045,2.9681992512698008
2017-09-30,2017-10-31,AMT,317268000,0.7,429281003,1680766000,986500000,6518127000,19268763000,18469296000,799467000,469839000,653294000,15.18382354320021,0.04867471897985418,0.00981666511238508,0.020674839564340363,2.9561809703922615
2017-12-31,2018-02-28,AMT,238500000,0.51,428836003,1704500000,797831000,6241500000,20205100000,19403000000,802100000,545215000,793848000,14.554514910913392,0.03821196827685652,0.00718064207284212,0.01782360340244618,3.2372186173195545
2018-03-31,2018-05-02,AMT,285200000,0.63,435124003,1741800000,895400000,6334200000,21372000000,20246600000,1125400000,593300000,791800000,14.557229562902325,0.04502541757443718,0.008297282436352105,0.019004220777903244,3.374064601686085
2018-06-30,2018-07-31,AMT,306700000,0.69,441497003,1780900000,979300000,5550700000,21113800000,20279300000,834500000,713600000,940000000,12.572452275514088,0.05525429225142775,0.009236366045588558,0.020252072293174796,3.8038085286540437
2018-09-30,2018-10-30,AMT,366900000,0.83,440889003,1785500000,1047300000,5350700000,21264200000,20237700000,1026500000,567800000,753300000,12.136161173428043,0.06857046741547834,0.011092232716191213,0.022635673670083272,3.9740968471414955
2018-12-31,2019-02-27,AMT,277600000,0.63,440838003,2131900000,1173100000,5336100000,21159900000,19951200000,1208700000,960400000,1263200000,12.104446449005442,0.0520230130619741,0.008409470954608245,0.023889163653243208,3.965424186203407
2019-03-31,2019-05-03,AMT,397400000,0.9,441351003,1813400000,1106200000,5347000000,28018800000,27014000000,1004800000,564300000,785100000,12.115073861064728,0.07432204974752198,0.010208904918976129,0.01851376668283392,5.240097250794838
2019-06-30,2019-07-31,AMT,429100000,0.97,442203003,1889600000,1136600000,5477500000,27890400000,26698200000,1192200000,793100000,1036600000,12.386844871788444,0.07833865814696486,0.01098209235604399,0.01944795290134196,5.091811958010041
2019-09-30,2019-10-31,AMT,498600000,1.13,442763003,1953600000,1197800000,5240400000,28406700000,27054100000,1352600000,676900000,937200000,11.835677246050299,0.09514540874742386,0.012684698986445232,0.02145781909443984,5.420712159377147
2019-12-31,2020-02-25,AMT,562700000,1.27,442940003,1923700000,1119600000,5055400000,31060300000,29559100000,1501200000,727000000,993700000,11.413283888924342,0.11130672152549749,0.01314670479608239,0.023497643503793502,6.143984650077146
2020-03-31,2020-04-29,AMT,415000000,0.94,443055003,1993100000,1120800000,3634400000,31192000000,29866000000,1326000000,585600000,800000000,8.203044713163978,0.11418666079683029,0.010174286757981911,0.0184290414224213,8.582434514637905
2020-06-30,2020-07-30,AMT,446100000,1.01,443436003,1913000000,1112100000,3620300000,31796300000,29758200000,2038100000,778300000,988800000,8.164199513587985,0.12322183244482501,0.010745280723770893,0.019213692106607953,8.782780432560838
2020-09-30,2020-10-29,AMT,464400000,1.05,443766003,2012900000,1167000000,3731700000,31694000000,30068000000,1626000000,716400000,960300000,8.409161528311127,0.1244473028378487,0.011200563404739738,0.01890138053405202,8.49318005198703
2020-12-31,2021-02-25,AMT,365100000,0.82,444293003,2122500000,1097000000,4093500000,36711800000,34965500000,1746300000,769400000,1132300000,9.21351444285518,0.0891901795529498,0.007729683381498301,0.013583385210461867,8.968315622328081
2021-03-31,2021-04-29,AMT,645000000,1.45,444486003,2158500000,1432100000,3883400000,36695500000,34781900000,1913600000,767900000,1092700000,8.73683304713647,0.16609156924344645,0.01374021409170794,0.021840787860409588,9.44932275840758
2021-06-30,2021-07-29,AMT,746300000,1.66,450617003,2298900000,1589200000,5754200000,44343100000,42415100000,1928000000,674000000,951900000,12.769602482132704,0.1296965694623058,0.012652819715544675,0.019569389463516728,7.706214591081297
2021-09-30,2021-10-28,AMT,723000000,1.59,455224003,2454300000,1615100000,5411200000,42142900000,38865700000,3277200000,1782400000,2096400000,11.886895164445008,0.1336117681845062,0.011944490335370891,0.021170285270862798,7.788087670017741
2021-12-31,2022-02-25,AMT,453400000,1.0,455502003,2445200000,1396500000,5081200000,52008600000,50058700000,1949900000,218900000,678900000,11.155164997155897,0.08923089034086436,0.0064875321765284115,0.011394328916959401,10.235495552231756
2022-03-31,2022-04-27,AMT,711700000,1.56,455946000,2660300000,1803400000,5363000000,52222900000,50281400000,1941500000,277500000,663600000,11.76235782307554,0.13270557523774007,0.010201609724282756,0.01719775570539144,9.737628193175462
2022-06-30,2022-07-28,AMT,898200000,1.96,458776000,2674300000,2001400000,6958700000,49468600000,47401900000,2066700000,545200000,915300000,15.16796868188397,0.12907583312975124,0.013186174335846663,0.021435036209434433,7.108885280296607
2022-09-30,2022-10-27,AMT,839700000,1.8,465594000,2671500000,2047900000,6281800000,46661800000,44540000000,2121800000,473100000,932300000,13.492012354111093,0.13367187748734438,0.012624637663727884,0.021669800570306003,7.428093858448215
2022-12-31,2023-02-23,AMT,-683800000,-1.54,465609000,2705000000,359600000,5572400000,47051000000,45022600000,2028400000,526800000,1185000000,11.967981718566437,-0.12271193740578566,-0.01017642813027852,-0.00849695270103329,8.44357906826502
2023-03-31,2023-04-26,AMT,335800000,0.72,465741000,2767200000,1502700000,5406600000,46909000000,45106000000,1803000000,608600000,1070500000,11.608597911714881,0.06210927385047904,0.00502561447041727,0.011994781938562599,8.676247549291606
2023-06-30,2023-07-27,AMT,475700000,1.02,466087000,2771700000,1587400000,5166400000,47176500000,45160800000,2015700000,788500000,1209400000,11.084625831658037,0.0920757200371632,0.007112845586806023,0.0158943944976172,9.131406782285538
2023-09-30,2023-10-26,AMT,586900000,1.26,466168000,2521100000,1943700000,4533300000,46816200000,44697300000,2118900000,909900000,1300600000,9.724605721542448,0.12946418723667086,0.00893942394102326,0.022544755406125157,10.327178876315267
2023-12-31,2024-02-27,AMT,84900000,0.18,466249000,2786700000,1150800000,4198200000,46307000000,44553300000,1753700000,617300000,1141900000,9.004201617590601,0.02022295269401172,0.0012858259273394762,0.0029908578570542817,11.030203420513553
2024-03-31,2024-04-30,AMT,917400000,1.97,466519000,2834100000,1947000000,4047800000,47841000000,45451900000,2389100000,886900000,1283600000,8.676602667844183,0.2266416324917239,0.013758454685883112,0.025243721081718712,11.819012797074954
2024-06-30,2024-07-30,AMT,900300000,1.93,467038000,2900300000,1955500000,3856000000,47389500000,44897400000,2492100000,1013300000,1338500000,8.256287496948856,0.23348029045643154,0.013674515248079371,0.025252862237621087,12.289808091286307
2024-09-30,2024-10-29,AMT,-792300000,-1.7,467196000,2522300000,1420100000,3641700000,44781300000,42631000000,2150300000,1044700000,1469400000,7.794801325353813,-0.21756322596589506,-0.012612867895212746,0.015248038301360348,12.296811928494934
2024-12-31,2025-02-25,AMT,1229600000,2.63,467337000,2547600000,2127800000,3382200000,43954100000,41954500000,1999600000,755600000,1199000000,7.237175742558368,0.36355035184199636,0.020131832723724322,0.03381809718629679,12.995712849624505
2025-03-31,2025-04-29,AMT,488700000,1.05,467640000,2562800000,1435300000,3534800000,44383600000,42279900000,2103700000,963900000,1295000000,7.558805919083055,0.13825393232997624,0.007875195792160578,0.016616136031653437,12.556184225415866
2025-06-30,2025-07-29,AMT,366800000,0.78,467909000,2626900000,1708000000,3712800000,45213200000,43137200000,2076000000,976900000,1281500000,7.93487622593282,0.09879336349924585,0.005753319373534418,0.01900609229442364,12.177655677655677
