date,filingDate,symbol,netIncome,eps,weightedAverageShsOut,revenue,ebitda,totalStockholdersEquity,totalDebt,netDebt,cashAndCashEquivalents,freeCashFlow,operatingCashFlow,bookValuePerShare,ROE,ROA,ROIC,debtToEquity
2015-09-30,2015-10-23,AMZN,79000000,0.0085,9360000000,25358000000,1962000000,12430000000,8243000000,-2466000000,10709000000,1415000000,2610000000,1.327991452991453,0.006355591311343524,0.0014049439800818068,0.012684530707307438,0.6631536604987932
2015-12-31,2016-01-29,AMZN,482000000,0.0515,9400000000,35747000000,2805000000,13384000000,14175000000,-1715000000,15890000000,7503000000,8812000000,1.4238297872340426,0.036013150029886434,0.007444360356464392,0.04656878352075073,1.0591004184100419
2016-03-31,2016-04-29,AMZN,513000000,0.0545,9420000000,29128000000,3000000000,14756000000,8219000000,-4251000000,12470000000,-3132000000,-1953000000,1.5664543524416137,0.034765519110870155,0.008392226148409895,0.06143476050365627,0.5569937652480347
2016-06-30,2016-07-29,AMZN,857000000,0.0905,9460000000,30404000000,3204000000,16538000000,8212000000,-4309000000,12521000000,1867000000,3578000000,1.7482029598308668,0.05182005079211513,0.013169217530272297,0.07832159140618133,0.49655339218768896
2016-09-30,2016-10-28,AMZN,252000000,0.0265,9480000000,32714000000,2693000000,17782000000,8205000000,-5451000000,13656000000,2818000000,4659000000,1.8757383966244725,0.014171634236868744,0.00355445223352187,0.026353529866359374,0.46142166235519066
2016-12-31,2017-02-10,AMZN,749000000,0.0785,9520000000,43741000000,3596000000,19285000000,15213000000,-4121000000,19334000000,8646000000,10652000000,2.025735294117647,0.038838475499092556,0.008980599985611857,0.055216778482963774,0.788851438942183
2017-03-31,2017-04-28,AMZN,724000000,0.076,9540000000,35714000000,3527000000,21674000000,7691000000,-7749000000,15440000000,-3767000000,-1619000000,2.2719077568134174,0.033404078619544156,0.008941693734639183,0.05957624133182372,0.3548491279874504
2017-06-30,2017-07-28,AMZN,197000000,0.0205,9580000000,37955000000,3442000000,23214000000,7683000000,-5520000000,13203000000,737000000,3850000000,2.4231732776617956,0.008486258292409753,0.00224422141465693,0.013661593095299435,0.3309640734039804
2017-09-30,2017-10-27,AMZN,256000000,0.0265,9620000000,43744000000,3456000000,24658000000,24710000000,11943000000,12767000000,703000000,3777000000,2.563201663201663,0.010382026117284452,0.002220930535192206,0.01211759032722819,1.0021088490550734
2017-12-31,2018-02-02,AMZN,1857000000,0.19,9660000000,60453000000,5707000000,27709000000,37926000000,17404000000,20522000000,7411000000,12344000000,2.868426501035197,0.06701793641055252,0.01414210646561572,0.04859953608032886,1.3687249630084088
2018-03-31,2018-04-27,AMZN,1629000000,0.17,9680000000,51042000000,5917000000,31463000000,24640000000,7964000000,16676000000,-4889000000,-1791000000,3.250309917355372,0.05177510091218256,0.0128915338472009,0.048433025427452855,0.7831421034230683
2018-06-30,2018-07-27,AMZN,2534000000,0.26,9720000000,52886000000,6578000000,34995000000,24638000000,4815000000,19823000000,4206000000,7449000000,3.6003086419753085,0.07241034433490498,0.01889634601043997,0.07195058429380047,0.7040434347763966
2018-09-30,2018-10-26,AMZN,2883000000,0.3,9760000000,56576000000,7526000000,39125000000,24684000000,4259000000,20425000000,5236000000,8588000000,4.008709016393443,0.07368690095846646,0.02006332857789067,0.07344534395998252,0.6309009584664537
2018-12-31,2019-02-01,AMZN,3027000000,0.31,9800000000,72383000000,7999000000,43549000000,33145000000,1395000000,31750000000,12743000000,16477000000,4.443775510204081,0.06950791062940595,0.018610742216319906,0.0750413673211139,0.7610966956761349
2019-03-31,2019-04-26,AMZN,3561000000,0.36,9820000000,59700000000,9621000000,48410000000,56597000000,33482000000,23115000000,-1444000000,1846000000,4.929735234215886,0.07355918198719273,0.019994160649515445,0.04715327261459396,1.169117950836604
2019-06-30,2019-07-26,AMZN,2625000000,0.27,9860000000,63404000000,8474000000,53061000000,58463000000,35847000000,22616000000,5556000000,9118000000,5.381440162271805,0.049471363148074855,0.013718245527851959,0.03352029140244216,1.101807353800343
2019-09-30,2019-10-25,AMZN,2134000000,0.22,9900000000,69981000000,8591000000,56508000000,59530000000,36275000000,23255000000,3195000000,7892000000,5.707878787878788,0.037764564309478305,0.010718285877879848,0.026500649270319965,1.0534791533942096
2019-12-31,2020-01-31,AMZN,3268000000,0.33,9920000000,87436000000,10678000000,62060000000,63205000000,27113000000,36092000000,14347000000,19659000000,6.256048387096774,0.052658717370286816,0.014508452905242221,0.04074957283068965,1.0184498872059298
2020-03-31,2020-05-01,AMZN,2535000000,0.25,9960000000,75452000000,9147000000,65272000000,63737000000,36536000000,27201000000,-3731000000,3064000000,6.553413654618474,0.03883748008334355,0.011458248582973991,0.02874223427440117,0.9764830248805001
2020-06-30,2020-07-31,AMZN,5243000000,0.53,10000000000,88912000000,12372000000,73728000000,75926000000,38460000000,37466000000,13147000000,20606000000,7.3728,0.07111273871527778,0.020297002872473036,0.049713565237648624,1.0298122829861112
2020-09-30,2020-10-30,AMZN,6331000000,0.63,10020000000,96145000000,13760000000,82775000000,81518000000,51588000000,29930000000,901000000,11964000000,8.260978043912175,0.07648444578677137,0.022436113247265035,0.049419927436458906,0.9848142555119299
2020-12-31,2021-02-03,AMZN,7222000000,0.72,10040000000,125555000000,15797000000,93404000000,84389000000,42267000000,42122000000,15608000000,30431000000,9.303187250996016,0.07732002912080853,0.022484783387039027,0.05591197768119656,0.9034837908440752
2021-03-31,2021-04-30,AMZN,8107000000,0.8,10080000000,108518000000,18175000000,103320000000,84935000000,51101000000,33834000000,-7869000000,4213000000,10.25,0.07846496322106078,0.025093089263550174,0.05457302361987775,0.8220576848625629
2021-06-30,2021-07-30,AMZN,7778000000,0.77,10100000000,113080000000,17107000000,114803000000,106576000000,66196000000,40380000000,-1573000000,12715000000,11.366633663366336,0.06775084274801181,0.02158642758222575,0.04507502061990681,0.9283381096312814
2021-09-30,2021-10-29,AMZN,3156000000,0.31,10140000000,110812000000,13756000000,120564000000,113903000000,83959000000,29944000000,-8435000000,7313000000,11.889940828402366,0.026176968249228626,0.00825300858250132,0.01721585464080911,0.9447513353903321
2021-12-31,2022-02-04,AMZN,14323000000,1.41,10160000000,137412000000,25218000000,138245000000,116395000000,80175000000,36220000000,3151000000,22086000000,13.606791338582678,0.10360591703135737,0.03405786246073585,0.06768724241805416,0.8419472675322797
2022-03-31,2022-04-29,AMZN,-3844000000,-0.38,10180000000,116444000000,4400000000,134001000000,113287000000,76894000000,36393000000,-17741000000,-2790000000,13.163163064833006,-0.028686353086917263,-0.009358103255616932,-0.016588730609451822,0.8454190640368355
2022-06-30,2022-07-29,AMZN,-2028000000,-0.2,10175000000,121234000000,7647000000,131402000000,124577000000,87099000000,37478000000,-6759000000,8965000000,12.914201474201475,-0.01543355504482428,-0.0048317005298669615,-0.0072057269146839865,0.9480601512914567
2022-09-30,2022-10-28,AMZN,2872000000,0.28,10191000000,127101000000,13888000000,137489000000,128251000000,93304000000,34947000000,-4974000000,11404000000,13.491217741144148,0.02088894384278015,0.006704609652583562,0.015067415074268432,0.9328091701881605
2022-12-31,2023-02-03,AMZN,278000000,0.0272,10220000000,149204000000,12877000000,146043000000,140118000000,86230000000,53888000000,12581000000,29173000000,14.289921722113503,0.0019035489547598995,0.0006008537310206949,0.0003379984029820438,0.9594297569893798
2023-03-31,2023-04-28,AMZN,3172000000,0.31,10250000000,127358000000,16065000000,154526000000,141351000000,92008000000,49343000000,-9419000000,4788000000,15.07570731707317,0.020527289905905802,0.006830642278488645,0.015432289754596915,0.9147392671783389
2023-06-30,2023-08-04,AMZN,6750000000,0.66,10285000000,134383000000,19992000000,168602000000,138914000000,89385000000,49529000000,5021000000,16476000000,16.39299951385513,0.0400351122762482,0.014132958687791427,0.029108839214147773,0.8239166795174434
2023-09-30,2023-10-27,AMZN,9879000000,0.96,10322000000,143083000000,25126000000,182973000000,136989000000,87384000000,49605000000,8738000000,21217000000,17.72650649099012,0.05399157252709416,0.020290295615168326,0.03897260030508159,0.748684232099818
2023-12-31,2024-02-02,AMZN,10624000000,1.03,10356000000,169961000000,28219000000,201875000000,135611000000,62224000000,73387000000,27877000000,42465000000,19.493530320587098,0.0526266253869969,0.020126777480136554,0.04232306401588273,0.6717572755417957
2024-03-31,2024-05-01,AMZN,10431000000,1.0,10393000000,143313000000,25311000000,216661000000,134686000000,61834000000,72852000000,4064000000,18989000000,20.846819974983163,0.048144336082636005,0.019645214692383173,0.03957185657192905,0.6216439506879411
2024-06-30,2024-08-02,AMZN,13485000000,1.29,10447000000,147977000000,27872000000,236447000000,132973000000,61795000000,71178000000,7661000000,25281000000,22.633004690341725,0.05703180839680774,0.024305267673363155,0.04693748989940349,0.5623797299183326
2024-09-30,2024-11-01,AMZN,15328000000,1.46,10501000000,158877000000,32082000000,259151000000,134692000000,59601000000,75091000000,3351000000,25971000000,24.67869726692696,0.05914698380480878,0.026218471296179095,0.0497048958310032,0.5197433156731018
2024-12-31,2025-02-07,AMZN,20004000000,1.9,10473000000,187792000000,38550000000,285970000000,130900000000,52121000000,78779000000,17802000000,45636000000,27.305452114962282,0.06995139350281498,0.032011829206233376,0.060730887359510134,0.45774032241144175
2025-03-31,2025-05-02,AMZN,17127000000,1.62,10603000000,155667000000,36482000000,305867000000,133245000000,67038000000,66207000000,-8004000000,17015000000,28.847213052909552,0.055994925899165326,0.026625480368624624,0.047071988223379956,0.435630519147211
2025-06-30,2025-08-01,AMZN,18164000000,1.71,10637000000,167702000000,36600000000,333775000000,133939000000,76198000000,57741000000,332000000,32515000000,31.378678198740246,0.054419893640925775,0.02662679390767697,0.04543895954101354,0.4012852969814995
