date,filingDate,symbol,netIncome,eps,weightedAverageShsOut,revenue,ebitda,totalStockholdersEquity,totalDebt,netDebt,cashAndCashEquivalents,freeCashFlow,operatingCashFlow,bookValuePerShare,ROE,ROA,ROIC,debtToEquity
2015-09-30,2015-11-09,APO,41051000,0.2,176169986,193268000,121855000,716110000,1856750000,987558000,869192000,254447000,255232000,4.064880836171492,0.057324991970507326,0.008520251969157646,0.06081403049325056,2.5928279174987083
2015-12-31,2016-02-29,APO,6091000,0.0,0,193651000,48644000,649505000,1826525000,1152410000,674115000,15725000,16913000,inf,0.009377910870586061,0.0013358018583238592,0.016965677420279282,2.81218004480335
2016-03-31,2016-05-10,APO,-32828000,-0.19,182665330,120826000,-67204000,549360000,1880630000,1298094000,582536000,121885000,124194000,3.007467262671028,-0.059756807921945536,-0.007528033485852374,-0.03637242645381568,3.423310761613514
2016-06-30,2016-08-09,APO,174092000,0.91,183695920,660447000,468453000,685310000,2177320000,1285078000,892242000,176590000,177984000,3.7306762175229586,0.25403394084428943,0.03372417855768175,0.2155832338850911,3.1771315171236374
2016-09-30,2016-11-04,APO,91366000,0.5,184438515,503731000,281863000,723094000,2194698000,1208263000,986435000,269775000,270993000,3.920515191742896,0.12635424993154418,0.016641606931604682,0.12742859235685283,3.0351489571203745
2016-12-31,2017-02-13,APO,161071000,0.87,185146949,685380000,440119000,835116000,2138992000,1284010000,854982000,40654000,42089000,4.510557719209297,0.19287260691927827,0.02861168551037711,0.19180453066260386,2.561311242988998
2017-03-31,2017-05-05,APO,140073000,0.75,186537367,682104000,411575000,1177340000,2150900000,998716000,1152184000,203832000,204834000,6.311550435897383,0.11897412811931982,0.02237029316801572,0.16853316790044903,1.8269149098815975
2017-06-30,2017-08-09,APO,88385000,0.44,190591756,449708000,209420000,1222049000,2243205000,1118002000,1125203000,209113000,211727000,6.41186704843624,0.07232525046049708,0.014205422120502995,0.08811361490227261,1.8356097014113182
2017-09-30,2017-11-03,APO,196469000,0.9959,192882082,711720000,471004000,1329491000,2333676000,1348407000,786369000,248610000,250923000,6.892765705422031,0.14777760812220617,0.028638318080962004,0.15544294845039466,1.7553153800965933
2017-12-31,2018-02-12,APO,183174000,0.9156,195267669,869518000,748837000,1462926000,2364465000,1520280000,479536000,138174000,140774000,7.4919007713458186,0.1252107078553529,0.026201139453617257,0.14030768758066553,1.6162574183519878
2018-03-31,2018-05-08,APO,-63646000,-0.34,198432603,166903000,-83094000,1554870000,2387723000,1324638000,837575000,39353000,41527000,7.835758723580318,-0.040933325615646325,-0.009159678704617704,-0.030394747972532794,1.5356415648896693
2018-06-30,2018-08-06,APO,59457000,0.25,200711475,523316000,181593000,1550055000,2237855000,1085747000,1152108000,350614000,353548000,7.7228020968905735,0.03835799374860892,0.00895569868593419,0.05964364637609266,1.4437261903609873
2018-09-30,2018-11-05,APO,163738000,0.7715,200347996,517731000,400634000,1627409000,2241594000,1333725000,907869000,370913000,375815000,8.12291129680179,0.1006126917081078,0.023484550981202664,0.1273635162938751,1.3774005182471032
2018-12-31,2019-03-01,APO,-191677000,-1.0028,200269856,-114885000,-319254000,1376196000,2215909000,1556491000,659418000,38638000,43369000,6.87170814163865,-0.13928030600292401,-0.03199066568263121,-0.12307001951986539,1.610169627000805
2019-03-31,2019-05-06,APO,142984000,0.6663,200832323,677777000,357973000,1321491000,2858912000,2091018000,767894000,287203000,292101000,6.580071276673925,0.10819899643660078,0.021272632596890575,0.09774470876768931,2.1633987669987915
2019-06-30,2019-08-06,APO,157860000,0.745,199578950,636579000,386108000,1379273000,3315436000,2302626000,1012810000,153783000,158509000,6.9109142021240215,0.1144515987770369,0.021482683481931192,0.09896154820341443,2.4037561816986197
2019-09-30,2019-11-05,APO,347380000,1.6434,205797643,702721000,321081000,1764617000,3384937000,2100321000,1284616000,375426000,384402000,8.574524830685258,0.1968585817772355,0.04307625307776096,0.1478018896319966,1.9182275813958496
2019-12-31,2020-02-21,APO,160339000,0.6779,222994407,914772000,456814000,1852222000,3710226000,2108695000,1601531000,226787000,247682000,8.306136574985937,0.08656575723644358,0.018770405509547575,0.09637906345526445,2.00312165604339
2020-03-31,2020-05-11,APO,-1003465000,-4.4657,226757519,-1469086000,-2543976000,556638000,9819643000,8542762000,1276881000,849446000,867614000,2.4547719628207787,-1.8027245714449966,-0.0614762898785055,-0.24794865547215836,17.64098570345539
2020-06-30,2020-08-07,APO,428774000,1.8432,227653988,1508335000,1327815000,929031000,11118360000,9506775000,1611585000,50309000,69760000,4.080890513545495,0.46152819443054105,0.023875947132952987,0.11122468433107868,11.967695372920817
2020-09-30,2020-11-06,APO,262538000,1.1124,227771678,1018274000,930894000,1089564000,11599167000,8954992000,2644175000,566877000,577342000,4.783579809250911,0.2409569332320084,0.014093828226200849,0.08146120536547305,10.645695893036114
2020-12-31,2021-02-19,APO,430011000,1.8464,227931929,1296496000,1516910000,1429315000,14620622000,12171799000,2448823000,-3142624000,-3131146000,6.270797629234297,0.3008511069988071,0.018167623216851145,0.09725554587034063,10.22911114764765
2021-03-31,2021-05-10,APO,673788000,2.8896,230003502,2295000000,2079000000,1937165000,14763348000,12037466000,2725882000,-234255000,-228751000,8.422328282636323,0.34782168787893647,0.02458170768786352,0.13085296858425186,7.621110230672142
2021-06-30,2021-08-06,APO,653685000,2.7894,231058813,1383000000,1874000000,2365081000,14140255000,11509807000,2630448000,1314173000,1321915000,10.235839824902069,0.2763901109518025,0.023734678762613853,0.1191949766475761,5.978761403943459
2021-09-30,2021-11-08,APO,254462000,1.0244,239451921,1078000000,895000000,2647906000,14101591000,11338775000,2762816000,1029348000,1043831000,11.058194851566883,0.09609933283130141,0.008994564350996347,0.05472888170081705,5.325563294165276
2021-12-31,2021-12-31,APO,239705000,0.9389,245553950,1195275000,949091000,3789000000,14193206000,12813206000,1380000000,-1109958000,-1072949000,15.430417633273665,0.06326339403536553,0.007858665005573405,0.04905801552463916,3.7458975983109
2022-03-31,2022-05-10,APO,-413000000,-0.7042,586495913,862000000,-1397000000,10993000000,13905000000,3343000000,10562000000,-3993000000,-3993000000,18.743523622815083,-0.037569362321477305,-0.0015790177974039877,-0.07190840443710678,1.2648958428090602
2022-06-30,2022-08-09,APO,-1649000000,-2.8199,584773771,2286000000,-2801000000,3679000000,7908000000,-5156000000,13064000000,3973000000,3973000000,6.291321845213198,-0.4482196248980701,-0.00665321767197902,1.7259925032849412,2.149497145963577
2022-09-30,2022-11-08,APO,-574000000,-0.9823,584317603,2979000000,-732000000,-1339000000,7840000000,-3675000000,11515000000,2344000000,2344000000,-2.291561974387412,0.42867811799850636,-0.002292881680913957,0.15785831418061175,-5.855115758028379
2022-12-31,2023-03-01,APO,573000000,0.9828,583000000,4842000000,1383000000,6640000000,7186366000,-2265634000,9452000000,1465000000,1465000000,11.389365351629502,0.08629518072289157,0.0022276910157571234,0.22901842654358892,1.0822840361445782
2023-03-31,2023-05-09,APO,978000000,1.6743,584115927,5301000000,2016000000,8074000000,6507000000,-9369000000,15876000000,1071000000,1071000000,13.822598608923053,0.12112955164726281,0.0036178807653038576,-1.2274318827082646,0.8059202378003468
2023-06-30,2023-08-07,APO,577000000,0.9966,578975612,13702000000,1185000000,8229000000,7423172000,-4887828000,12311000000,-5430000000,3551000000,14.213033898913173,0.0701178758050796,0.002046215388107127,0.23721818295755007,0.9020746141694009
2023-09-30,2023-11-07,APO,658000000,1.1,578797225,2595000000,1188000000,8442000000,7037000000,-5898000000,12935000000,-9688000000,-364000000,14.585418926291501,0.0779436152570481,0.0023231592140801807,0.2698063348931957,0.8335702440180052
2023-12-31,2024-02-27,APO,2756000000,4.75,584000000,11046000000,2258000000,14044000000,8092000000,-7836000000,15928000000,2064000000,2064000000,24.04794520547945,0.19624038735403018,0.008791405093655898,0.6003686743298443,0.5761891199088579
2024-03-31,2024-05-07,APO,1384000000,2.31,588120328,7040000000,2501000000,14787000000,9596000000,-8543000000,18139000000,70000000,70000000,25.142813971905422,0.09359572597551903,0.004143079948870082,0.2924944206154415,0.6489484006221681
2024-06-30,2024-08-08,APO,822000000,1.36,587104242,6018000000,1787000000,15273000000,9815000000,-7073000000,16888000000,1333000000,1333000000,26.01411965270726,0.05382046749165194,0.002372266986816891,0.1524202822348112,0.6426373338571335
2024-09-30,2024-11-06,APO,782000000,1.29,585382685,7773000000,2449000000,17863000000,9807000000,-6853000000,16660000000,1854000000,1854000000,30.515080916682734,0.043777640933773725,0.0021210288346004357,0.16698808631219073,0.5490119240888989
2024-12-31,2025-02-24,APO,1439000000,2.42,584000000,5283000000,2112000000,17253000000,10588000000,-5578000000,16166000000,-4000000,-4000000,29.54280821917808,0.08340578450124617,0.0038079360668968896,0.14995215548721413,0.6136903726888078
2025-03-31,2025-05-07,APO,425000000,0.68,587258883,5548000000,1570000000,17976000000,10581000000,-2719000000,13300000000,1012000000,1012000000,30.61000952113312,0.023642634623943035,0.0010758268045412548,0.0656966386301381,0.5886181575433912
2025-06-30,2025-08-07,APO,630000000,1.03,587000000,6814000000,1256000000,19321000000,12144000000,-1104000000,13248000000,1262000000,1262000000,32.91482112436116,0.03260700791884478,0.0015016088666428317,0.0505417756286556,0.6285388955023032
