date,filingDate,symbol,netIncome,eps,weightedAverageShsOut,revenue,ebitda,totalStockholdersEquity,totalDebt,netDebt,cashAndCashEquivalents,freeCashFlow,operatingCashFlow,bookValuePerShare,ROE,ROA,ROIC,debtToEquity
2015-09-30,2015-10-21,BA,1704000000,2.5,680100000,25849000000,2940000000,6740000000,9016000000,-367000000,9383000000,2298000000,2859000000,9.91030730774886,0.25281899109792283,0.01721246893876644,0.27458118793909086,1.337685459940653
2015-12-31,2016-02-10,BA,1026000000,1.52,675000000,23573000000,1579000000,6335000000,9867000000,-1435000000,11302000000,2496000000,3119000000,9.385185185185184,0.16195737963693765,0.010867723074315735,0.22310560620972686,1.5575374901341752
2016-03-31,2016-04-27,BA,1219000000,1.85,658600000,22632000000,2173000000,4043000000,9964000000,2078000000,7886000000,483000000,1231000000,6.138779228666869,0.3015087806084591,0.01331556468262204,0.20750082976271836,2.464506554538709
2016-06-30,2016-07-27,BA,-234000000,-0.37,635300000,24755000000,41000000,585000000,11015000000,2410000000,8605000000,2563000000,3234000000,0.9208248071777113,-0.4,-0.002611344842593936,-0.06622310670881532,18.82905982905983
2016-09-30,2016-10-26,BA,2276000000,3.64,624600000,23898000000,2758000000,2089000000,10456000000,1470000000,8986000000,2607000000,3202000000,3.344540505923791,1.0895165150789852,0.025587408656548623,0.6638927708097352,5.005265677357587
2016-12-31,2017-02-10,BA,1631000000,2.63,620152091,23286000000,2728000000,817000000,9952000000,1070000000,8801000000,2233000000,2832000000,1.3174187620371984,1.996328029375765,0.01812282631643277,0.8598928553479542,12.181150550795593
2017-03-31,2017-04-26,BA,1449000000,2.57,613600000,20976000000,2517000000,95000000,10799000000,2609000000,8190000000,1628000000,2094000000,0.15482398956975227,15.25263157894737,0.01615870997959252,0.5604436057522404,113.67368421052632
2017-06-30,2017-07-26,BA,1749000000,2.93,601023891,23051000000,3043000000,-2037000000,10775000000,2038000000,8737000000,4380000000,4950000000,-3.3892163531316264,-0.8586156111929307,0.019425563108090096,1822.3390036452004,-5.289641629847815
2017-09-30,2017-10-25,BA,1808000000,3.03,597600000,24223000000,3175000000,1086000000,10768000000,2199000000,8569000000,2997000000,3396000000,1.8172690763052208,1.6648250460405156,0.019866603667849727,0.568980477597625,9.915285451197054
2017-12-31,2018-02-12,BA,3130000000,5.25,596571429,25368000000,3647000000,355000000,11117000000,2218000000,8813000000,2469000000,2904000000,0.5950670493809385,8.816901408450704,0.03389903934671244,1.2147449151843177,31.31549295774648
2018-03-31,2018-04-25,BA,2474000000,4.19,591169451,23382000000,3442000000,1222000000,12452000000,3217000000,9235000000,2722000000,3136000000,2.06708922109035,2.0245499181669393,0.021787950576403137,0.5780567722406056,10.189852700490999
2018-06-30,2018-07-25,BA,2196000000,3.77,581900000,24258000000,3202000000,-1441000000,12118000000,3997000000,8121000000,4268000000,4680000000,-2.4763705103969755,-1.523941707147814,0.019400150183311985,0.8953683430824702,-8.40943789035392
2018-09-30,2018-10-24,BA,2361000000,4.11,574200000,25146000000,2762000000,-1289000000,11876000000,3842000000,8034000000,4102000000,4559000000,-2.2448624172762104,-1.8316524437548487,0.020591493035871586,0.9715745832054765,-9.2133436772692
2018-12-31,2019-02-08,BA,3422000000,6.0,570666667,28341000000,4787000000,339000000,13847000000,6111000000,7637000000,2439000000,2947000000,0.5940420557277791,10.094395280235988,0.029158394328513366,0.5432448207652008,40.84660766961652
2019-03-31,2019-04-24,BA,2147000000,3.79,567018470,22912000000,2977000000,125000000,14744000000,7908000000,6836000000,2287000000,2788000000,0.22045137259814482,17.176,0.0178605595254931,0.28162569221933803,117.952
2019-06-30,2019-07-24,BA,-2942000000,-5.21,564700000,15750000000,-2727000000,-5322000000,19216000000,10049000000,9167000000,-1031000000,-590000000,-9.424473171595537,0.5527996993611425,-0.023300940116108695,-0.5944139142188284,-3.610672679443818
2019-09-30,2019-10-23,BA,1166000000,2.07,564600000,19986000000,1956000000,-4116000000,24652000000,14889000000,9763000000,-2889000000,-2424000000,-7.290116896918172,-0.28328474246841595,0.008793496131163366,0.12700967939531638,-5.989310009718173
2019-12-31,2020-01-31,BA,-1010000000,-1.79,564245810,17911000000,-1472000000,-8617000000,27554000000,18069000000,9485000000,-2774000000,-2220000000,-15.27171287279918,0.11721016595102704,-0.007558465855940131,-0.09581424125782008,-3.197632586747128
2020-03-31,2020-04-29,BA,-628000000,-1.11,565400000,16909000000,-685000000,-9665000000,38927000000,23888000000,15039000000,-4730000000,-4302000000,-17.094092677750265,0.06497672012415934,-0.004389306307880482,-0.03721170937087132,-4.027625452664252
2020-06-30,2020-07-29,BA,-2376000000,-4.2,565900000,11807000000,-2323000000,-11667000000,61379000000,41387000000,19992000000,-5628000000,-5280000000,-20.616716734405372,0.20365132424787863,-0.014588142836092145,-0.0675665447379358,-5.2609068312333935
2020-09-30,2020-10-28,BA,-449000000,-0.79,568354430,14140000000,283000000,-11821000000,60959000000,50395000000,10564000000,-5081000000,-4819000000,-20.798641439286396,0.037983250148041624,-0.002784306186864772,-0.003682973687640043,-5.156839522883005
2020-12-31,2021-02-01,BA,-8420000000,-14.65,574744027,15305000000,-7349000000,-18316000000,63851000000,56099000000,7752000000,-4274000000,-4009000000,-31.868099779312715,0.45970735968552084,-0.055345217437030025,-0.2052788958457277,-3.486077746232802
2021-03-31,2021-04-28,BA,-537000000,-0.92,585000000,15217000000,643000000,-18058000000,63575000000,56516000000,7059000000,-3678000000,-3387000000,-30.86837606837607,0.029737512459851588,-0.003579164861532309,0.0027287510450961483,-3.5206002879610145
2021-06-30,2021-07-28,BA,587000000,1.0,590200000,16998000000,1773000000,-16682000000,63559000000,55288000000,8271000000,-705000000,-483000000,-28.264994916977297,-0.03518762738280782,0.003941316681773928,0.032690917830660825,-3.8100347680134274
2021-09-30,2021-10-27,BA,-109000000,-0.19,588600000,15278000000,882000000,-14440000000,62419000000,52655000000,9764000000,-507000000,-262000000,-24.532789670404348,0.007548476454293629,-0.0007422742192500988,0.004000118176868566,-4.322645429362881
2021-12-31,2022-01-31,BA,-4143000000,-7.02,590170940,14793000000,-3505000000,-14999000000,58370000000,50318000000,8052000000,494000000,716000000,-25.414670535963698,0.27621841456097074,-0.029902130608002772,-0.10131606579063887,-3.8915927728515234
2022-03-31,2022-04-27,BA,-1219000000,-2.06,591400000,13991000000,-502000000,-15398000000,57741000000,50332000000,7409000000,-3565000000,-3216000000,-26.036523503550896,0.07916612547084037,-0.008976369835273673,-0.021709594281372403,-3.7499025847512666
2022-06-30,2022-07-27,BA,193000000,0.32,596100000,16681000000,1525000000,-14888000000,57200000000,47110000000,10090000000,-182000000,81000000,-24.97567522227814,-0.012963460505104782,0.0014245750263878535,0.013526847153048143,-3.8420204191295
2022-09-30,2022-10-26,BA,-3275000000,-5.55,596300000,15955000000,-2018000000,-17699000000,57219000000,43725000000,13494000000,2906000000,3190000000,-29.68136843870535,0.1850387027515679,-0.023808139112229024,-0.10190207670313772,-3.23289451381434
2022-12-31,2023-01-27,BA,-634000000,-0.91,598113208,19980000000,485000000,-15883000000,57277000000,42663000000,14614000000,3131000000,3457000000,-26.555173481472423,0.039916892274759176,-0.00462436177972283,-0.0006484958188101186,-3.606182711074734
2023-03-31,2023-04-26,BA,-414000000,-0.69,600000000,17921000000,610000000,-15508000000,55391000000,44579000000,10812000000,-786000000,-318000000,-25.846666666666668,0.026695898890895024,-0.0030363704371933376,0.0045096071797523524,-3.5717694093371164
2023-06-30,2023-07-26,BA,-149000000,-0.25,605500000,19751000000,677000000,-15517000000,52268000000,45014000000,7254000000,2579000000,2875000000,-25.62675474814203,0.009602371592446994,-0.0011055544838025138,0.002790877038342883,-3.3684346200940904
2023-09-30,2023-10-25,BA,-1636000000,-2.7,605925926,18104000000,-44000000,-16729000000,52272000000,45461000000,6811000000,-310000000,22000000,-27.608985326698168,0.0977942495068444,-0.01218340643873668,-0.026483553339323906,-3.1246338693287106
2023-12-31,2024-01-31,BA,-23000000,-0.04,575000000,22018000000,1072000000,-17233000000,52603000000,39912000000,12691000000,2950000000,3381000000,-29.970434782608695,0.00133464863923867,-0.00016786850786792398,0.08686450019842144,-3.05245749434225
2024-03-31,2024-04-24,BA,-343000000,-0.56,612900000,16569000000,633000000,-17009000000,47940000000,41026000000,6914000000,-3929000000,-3362000000,-27.751672377223038,0.02016579457934035,-0.002550489277534874,0.007468805715880705,-2.818507848785937
2024-06-30,2024-07-31,BA,-1439000000,-2.33,616300000,16866000000,-401000000,-17976000000,57927000000,47033000000,10894000000,-4415000000,-3923000000,-29.16761317540159,0.08005117935024478,-0.01008267937219731,-0.02752386881321577,-3.222463284379172
2024-09-30,2024-10-23,BA,-6170000000,-9.97,618856570,17840000000,-5052000000,-23552000000,57650000000,47689000000,9961000000,-1956000000,-1345000000,-38.057283612582474,0.2619735054347826,-0.044809179708776646,-0.22587100008488392,-2.4477751358695654
2024-12-31,2025-02-03,BA,-3865000000,-5.45,718100000,15243000000,-2829000000,-3908000000,54188000000,40387000000,13801000000,-4098000000,-3450000000,-5.442138977858237,0.9889969293756398,-0.024718123852829635,-0.08631801902137592,-13.86591606960082
2025-03-31,2025-04-23,BA,-37000000,-0.16,753400000,19496000000,1250000000,-3325000000,53618000000,43476000000,10142000000,-2290000000,-1616000000,-4.413326254313778,0.011127819548872181,-0.00023643078967883752,-0.007964670212054758,-16.125714285714285
2025-06-30,2025-07-29,BA,-611000000,-0.92,756600000,22749000000,609000000,-3295000000,53323000000,46236000000,7087000000,227000000,227000000,-4.355009251916468,0.18543247344461306,-0.003938886023723569,0.00378532066196536,-16.18300455235205
