date,filingDate,symbol,netIncome,eps,weightedAverageShsOut,revenue,ebitda,totalStockholdersEquity,totalDebt,netDebt,cashAndCashEquivalents,freeCashFlow,operatingCashFlow,bookValuePerShare,ROE,ROA,ROIC,debtToEquity
2015-09-30,2015-10-30,BAC,4619000000,0.39,10444291000,23488000000,6842000000,255905000000,471044000000,294133000000,176911000000,25796000000,25796000000,24.50190252263174,0.018049666868564507,0.002145372562826114,0.008397601620251691,1.840698696782009
2015-12-31,2016-02-24,BAC,3336000000,0.29,10399422000,22387000000,5430000000,256176000000,439153000000,272056000000,167097000000,5688000000,5688000000,24.633676756265878,0.013022297170695148,0.0015557618919482326,0.006315406866679792,1.7142628505402535
2016-03-31,2016-05-02,BAC,3472000000,0.29,10370094000,23313000000,5543000000,262776000000,452690000000,267189000000,185501000000,10843000000,10843000000,25.33978959110689,0.01321277437817761,0.0015886539360823026,0.006551376034266414,1.7227220141869881
2016-06-30,2016-08-01,BAC,4783000000,0.38,10328424000,23742000000,7379000000,267069000000,440730000000,261965000000,178765000000,15293000000,15293000000,25.857671993326377,0.01790922945006721,0.0021874052471200843,0.009041006816197069,1.6502476887995237
2016-09-30,2016-11-01,BAC,4955000000,0.43,10250124000,24044000000,7868000000,270083000000,430220000000,278280000000,151940000000,526000000,526000000,26.34924221404541,0.01834621209035741,0.002257080308329469,0.009035985287118204,1.5929177326969857
2016-12-31,2017-02-23,BAC,4696000000,0.43,10170031000,22563000000,6604000000,266195000000,411058000000,253459000000,157599000000,-8356000000,-8356000000,26.174453155550854,0.017641202877589735,0.0021461865655850575,0.009036782166595465,1.5441988016303838
2017-03-31,2017-05-02,BAC,5337000000,0.43,10099600000,24900000000,7854000000,268153000000,451645000000,271653000000,179992000000,-12989000000,-12989000000,26.55085349914848,0.019902816675554626,0.0023744261358605973,0.009886885288418431,1.6842809888384616
2017-06-30,2017-07-31,BAC,5106000000,0.49,10013500000,25989000000,8652000000,270987000000,456823000000,287967000000,168856000000,9649000000,9649000000,27.062166075797673,0.018842232284205514,0.002264774593717801,0.009134919868182354,1.6857745943532347
2017-09-30,2017-10-30,BAC,5424000000,0.5,10197900000,25335000000,8134000000,272459000000,451135000000,269261000000,181874000000,20471000000,20471000000,26.717167259926065,0.019907582425245634,0.0023748892243779926,0.010012552610204534,1.6557904125024316
2017-12-31,2018-02-22,BAC,2520000000,0.2,10470672000,24040000000,6920000000,267146000000,436933000000,268346000000,168587000000,-7048000000,-7048000000,25.513739710307036,0.009433044103224455,0.0011046652820359507,0.004705952656622321,1.6355588329976867
2018-03-31,2018-04-30,BAC,6918000000,0.63,10322400000,26900000000,8905000000,266224000000,448857000000,236547000000,212310000000,40354000000,40354000000,25.790901340773463,0.025985636156018992,0.002971039451521552,0.013759743501514606,1.6860125308011298
2018-06-30,2018-07-30,BAC,6784000000,0.64,10181700000,27090000000,9011000000,264216000000,445120000000,265709000000,179411000000,-6518000000,-6518000000,25.950086920651756,0.025675962091622005,0.0029602866032194864,0.012801811577109969,1.684682229690859
2018-09-30,2018-10-29,BAC,7167000000,0.67,10031600000,27628000000,9509000000,262158000000,434735000000,242012000000,192723000000,19606000000,19606000000,26.133219027871924,0.02733847527063832,0.0030643487585475322,0.014215443203681299,1.658293853325094
2018-12-31,2019-02-26,BAC,7278000000,0.71,9855800000,28268000000,9222000000,265325000000,436569000000,251671000000,184898000000,-13922000000,-13922000000,26.92069644270379,0.027430509752190708,0.0030910929549158275,0.014077478355731959,1.6454122302836145
2019-03-31,2019-04-26,BAC,7311000000,0.71,9725900000,28799000000,9185000000,267010000000,436388000000,255285000000,181103000000,15101000000,15101000000,27.45350044725938,0.027380996966405752,0.003075513511057714,0.013997836471725747,1.6343507733792741
2019-06-30,2019-07-29,BAC,7348000000,0.75,9523200000,29119000000,9393000000,271408000000,460203000000,280117000000,180086000000,-6725000000,-6725000000,28.499663978494624,0.027073630843600777,0.003066916204904061,0.013323058791532569,1.6956132464776277
2019-09-30,2019-10-28,BAC,5777000000,0.57,9303600000,28536000000,7297000000,268387000000,476154000000,311503000000,164651000000,-5702000000,-5702000000,28.84765037189905,0.021524887569070037,0.0023809621939307516,0.009962234216834228,1.77413213009572
2019-12-31,2020-02-19,BAC,6994000000,0.75,9017100000,27135000000,8608000000,264810000000,430169000000,261502000000,168667000000,59103000000,59103000000,29.367535016801412,0.026411389297987236,0.0028733660657686132,0.013288695678608886,1.6244439409387863
2020-03-31,2020-05-01,BAC,4010000000,0.4,8815600000,26735000000,4963000000,264918000000,456873000000,194200000000,262673000000,19043000000,19043000000,30.051045873224737,0.015136759299103873,0.001530561223594002,0.008734138064724102,1.7245827010622155
2020-06-30,2020-07-31,BAC,3533000000,0.38,8739900000,24018000000,4247000000,265637000000,458660000000,163243000000,295417000000,-3006000000,-3006000000,30.393597180745775,0.013300105030549209,0.0012886221918759538,0.008237735497108748,1.7266419964086328
2020-09-30,2020-10-30,BAC,4881000000,0.51,8732900000,21693000000,5022000000,268850000000,464353000000,158259000000,306094000000,-32638000000,-32638000000,30.785878688637222,0.018155105077180583,0.0017823938487875632,0.011427996132134889,1.7271824437418635
2020-12-31,2021-02-24,BAC,5470000000,0.6,8724900000,21307000000,6606000000,272924000000,452578000000,65569000000,387009000000,54594000000,54594000000,31.28104620110259,0.020042209552842548,0.0019399729113106095,0.016159861503782944,1.6582565109700869
2021-03-31,2021-04-29,BAC,8050000000,0.87,8700100000,24019000000,9627000000,274000000000,472378000000,138418000000,333960000000,-52328000000,-52328000000,31.49389087481753,0.02937956204379562,0.002710445011299694,0.019519031662051607,1.724007299270073
2021-06-30,2021-07-30,BAC,9224000000,1.04,8620800000,22620000000,8511000000,277119000000,510026000000,242640000000,267386000000,-9311000000,-9311000000,32.1453925389755,0.033285339511184724,0.003044330923788093,0.017746686445063962,1.8404584312154706
2021-09-30,2021-10-29,BAC,7691000000,0.86,8430700000,24008000000,9423000000,272464000000,506327000000,219955000000,286372000000,9795000000,9795000000,32.31807560463544,0.028227582359504375,0.0024926704275492102,0.015618812434126222,1.8583262375946914
2021-12-31,2022-02-22,BAC,7013000000,0.82,8226500000,23204000000,8313000000,270066000000,496199000000,140834000000,355365000000,44651000000,44651000000,32.82878502400778,0.02596772640761888,0.002212655328372501,0.01706741299586274,1.8373249501973592
2022-03-31,2022-04-29,BAC,7067000000,0.81,8136800000,24550000000,8373000000,266617000000,518184000000,238605000000,279579000000,-45430000000,-45430000000,32.76681250614492,0.02650618677728727,0.002182369775027847,0.013987910265190352,1.9435519865574964
2022-06-30,2022-07-29,BAC,6247000000,0.73,8121600000,25219000000,7383000000,269118000000,507890000000,303047000000,204843000000,-5049000000,-5049000000,33.136081560283685,0.02321286573176079,0.0020076449267677206,0.010918179196560433,1.8872390549870317
2022-09-30,2022-10-28,BAC,7082000000,0.81,8107700000,30358000000,8792000000,269524000000,505793000000,293368000000,212425000000,13154000000,13154000000,33.24296656265032,0.026275953161870556,0.0023046235982131847,0.012581454346482095,1.8766158115789318
2022-12-31,2023-02-22,BAC,7132000000,0.85,8088300000,34926000000,8399000000,273197000000,498549000000,261087000000,237462000000,30998000000,30998000000,33.77681342185626,0.026105703942576237,0.0023373069517840317,0.013348705931676787,1.824869965629198
2023-03-31,2023-05-01,BAC,8161000000,0.95,8065900000,40465000000,9592000000,280196000000,654817000000,266962000000,387855000000,-11300000000,-11300000000,34.7383429003583,0.02912604034318834,0.0025545778466984095,0.014915252998219893,2.3369962454853033
2023-06-30,2023-07-31,BAC,7408000000,0.88,8040900000,43393000000,8544000000,283319000000,615717000000,234223000000,381494000000,11786000000,11786000000,35.23473740501685,0.026147205093904752,0.002371927748416847,0.014313814144552519,2.1732287633374394
2023-09-30,2023-10-31,BAC,7802000000,0.91,8017100000,44412000000,8612000000,287064000000,631258000000,271537000000,359721000000,11772000000,11772000000,35.80646368387571,0.027178608254605247,0.0024743981300882627,0.013967035504769952,2.1990148538305045
2023-12-31,2024-02-20,BAC,3144000000,0.36,7990900000,43642000000,3651000000,291646000000,618189000000,276770000000,341419000000,32724000000,32724000000,36.497265639665116,0.010780192425063262,0.0009886323007932641,0.00553116027698024,2.119655335578064
2024-03-31,2024-04-30,BAC,6674000000,0.77,7968200000,48071000000,7800000000,293552000000,664899000000,343636000000,321263000000,-15539000000,-15539000000,36.840440751989156,0.022735324576224996,0.002038607698752796,0.010474145778012141,2.2650126723715047
2024-06-30,2024-07-30,BAC,6897000000,0.83,7897900000,48529000000,8103000000,293892000000,699009000000,370008000000,329001000000,18096000000,18096000000,37.21141062814166,0.023467804499612104,0.002116945508834265,0.010388612742882964,2.378455350945245
2024-09-30,2024-10-29,BAC,6896000000,0.82,7818000000,48869000000,7873000000,296512000000,733325000000,429585000000,303740000000,-37276000000,-37276000000,37.92683550780251,0.02325706885387438,0.002074426050892626,0.009497353659359562,2.4731714062162746
2024-12-31,2025-02-25,BAC,6665000000,0.83,7738400000,46965000000,7667000000,295559000000,658428000000,361942000000,296486000000,25914000000,25914000000,38.19381267445467,0.022550489073247644,0.0020435263446265373,0.010136866711989791,2.2277379474148984
2025-03-31,2025-04-30,BAC,7396000000,0.91,7677900000,46989000000,8681000000,295581000000,721686000000,440825000000,280861000000,-2184000000,-2184000000,38.497636072363534,0.0250219060088436,0.0022081408624288834,0.010043372813366539,2.441584540278299
2025-06-30,2025-07-31,BAC,7116000000,0.9,7581200000,46666000000,8269000000,299599000000,760769000000,485381000000,275388000000,-9132000000,-9132000000,39.51867778188149,0.02375174817005397,0.0020679181504279684,0.009065199113353207,2.539290852105648
