date,filingDate,symbol,netIncome,eps,weightedAverageShsOut,revenue,ebitda,totalStockholdersEquity,totalDebt,netDebt,cashAndCashEquivalents,freeCashFlow,operatingCashFlow,bookValuePerShare,ROE,ROA,ROIC,debtToEquity
2015-09-30,2015-10-30,BALL,45000000,0.16,274674000,2097000000,128000000,1033700000,3162300000,2917900000,244400000,256200000,385300000,3.763370395450607,0.04353293992454291,0.005823734955351365,0.039299047891248814,3.0592047982973782
2015-12-31,2016-02-16,BALL,55300000,0.2,273952000,1804600000,172800000,1251000000,5051000000,4827000000,224000000,238600000,409700000,4.5664934003037025,0.04420463629096723,0.005702794678766629,0.01648905022776325,4.0375699440447645
2016-03-31,2016-04-29,BALL,-127000000,-0.45,282222222,1756000000,-96000000,1068000000,5799000000,5594000000,205000000,-524000000,-386000000,3.784251971483663,-0.11891385767790262,-0.012625509493985486,-0.01547446849158047,5.429775280898877
2016-06-30,2016-08-12,BALL,307000000,1.3,284076000,2030000000,311000000,3731000000,11359000000,4960000000,6399000000,287000000,422000000,13.133809262310086,0.08228357008844814,0.012290815918007847,0.04272739040386607,3.044492093272581
2016-09-30,2016-11-08,BALL,31000000,0.0974,349128000,2752000000,277000000,3713000000,8097000000,7452000000,645000000,-594000000,-469000000,10.635067940697967,0.008349043899811474,0.001817116060961313,0.006287505597850425,2.180716401831403
2016-12-31,2017-03-02,BALL,53000000,0.15,349424000,2461000000,333000000,3435000000,7532000000,6935000000,597000000,419000000,627000000,9.830463849077338,0.015429403202328967,0.0032770667161318248,0.006967876637796042,2.192721979621543
2017-03-31,2017-05-08,BALL,68000000,0.2,350048000,2473000000,300000000,3619000000,7973000000,7515000000,458000000,-523000000,-398000000,10.338582137306883,0.01878972091738049,0.004085556356645037,0.010076385503006664,2.2030947775628626
2017-06-30,2017-08-09,BALL,99000000,0.28,351066000,2855000000,415000000,3604000000,7548000000,7115000000,433000000,546000000,661000000,10.265875932160904,0.02746947835738069,0.005893207929043395,0.013943864699532207,2.0943396226415096
2017-09-30,2017-11-06,BALL,48000000,0.14,350327000,2908000000,286000000,3529000000,7556000000,7000000000,556000000,320000000,484000000,10.073445666477319,0.013601586851799376,0.002824692520449597,0.010834837116535283,2.1411164635874185
2017-12-31,2018-03-01,BALL,159000000,0.53,349639000,2747000000,527000000,3941000000,6971000000,6523000000,448000000,579000000,731000000,11.271625876975966,0.04034509007866024,0.009253870329414503,0.018145724930393903,1.7688403958386196
2018-03-31,2018-05-04,BALL,125000000,0.36,350215000,2785000000,405000000,4033000000,7468000000,6991000000,477000000,-316000000,-74000000,11.515783161772054,0.030994297049342923,0.007049799785686086,0.01584461653044076,1.8517232829159436
2018-06-30,2018-08-03,BALL,119000000,0.34,348221000,3101000000,421000000,3889000000,7347000000,6798000000,549000000,306000000,508000000,11.16819491070326,0.030599125739264592,0.006786427145708583,0.016437040385740585,1.889174595011571
2018-09-30,2018-11-02,BALL,59000000,0.17,342982000,2946000000,439000000,3640000000,6673000000,6075000000,598000000,421000000,593000000,10.61280183799733,0.01620879120879121,0.0035822707953855493,0.007471264367816093,1.8332417582417582
2018-12-31,2019-02-22,BALL,151000000,0.45,337922000,2803000000,371000000,3458000000,6729000000,6008000000,721000000,339000000,539000000,10.233130722474417,0.04366685945633314,0.00912166243808143,0.026868948173952478,1.9459224985540775
2019-03-31,2019-05-03,BALL,117000000,0.35,334239000,2785000000,387000000,3546000000,7353000000,6750000000,603000000,-283000000,-129000000,10.60917487187312,0.03299492385786802,0.006913667789399043,0.019570707070707072,2.0736040609137056
2019-06-30,2019-08-02,BALL,197000000,0.59,332825000,3017000000,478000000,3460000000,7548000000,6784000000,764000000,261000000,382000000,10.395853676857207,0.0569364161849711,0.011514407621719562,0.025858002785139934,2.1815028901734106
2019-09-30,2019-11-01,BALL,92000000,0.28,331148000,2953000000,367000000,3365000000,7226000000,6743000000,483000000,253000000,403000000,10.16161957795306,0.027340267459138187,0.0056660713185933366,0.014320963842600752,2.1473997028231797
2019-12-31,2020-02-19,BALL,160000000,0.49,326282000,2719000000,371000000,2949000000,8056000000,6258000000,1798000000,719000000,892000000,9.038193954922429,0.05425567989148864,0.009216589861751152,0.022406952645609872,2.731773482536453
2020-03-31,2020-05-08,BALL,23000000,0.07,325346000,2785000000,284000000,2630000000,8251000000,7450000000,801000000,-921000000,-708000000,8.083701659156713,0.008745247148288974,0.001390148080991236,0.012445887445887444,3.1372623574144485
2020-06-30,2020-08-07,BALL,94000000,0.29,325994000,2801000000,348000000,2762000000,7739000000,7096000000,643000000,242000000,476000000,8.472548574513642,0.03403330919623461,0.005659241420830825,0.014314984491490882,2.8019551049963796
2020-09-30,2020-11-06,BALL,241000000,0.74,326549000,3093000000,533000000,2886000000,7771000000,7000000000,771000000,341000000,577000000,8.837877317033584,0.0835065835065835,0.014199858590619844,0.028699634853725918,2.6926541926541927
2020-12-31,2021-02-17,BALL,227000000,0.69,327137000,3102000000,465000000,3275000000,8095000000,6729000000,1366000000,657000000,1087000000,10.011096268535812,0.06931297709923664,0.012436993206223976,0.028675754367856385,2.4717557251908397
2021-03-31,2021-05-07,BALL,200000000,0.61,327811000,3125000000,468000000,3492000000,8090000000,7629000000,461000000,-840000000,-477000000,10.652479630030719,0.0572737686139748,0.011124089215195506,0.02327113418413835,2.316723940435281
2021-06-30,2021-08-06,BALL,202000000,0.62,327625000,3459000000,545000000,3639000000,7741000000,7170000000,571000000,251000000,645000000,11.107210988172453,0.0555097554273152,0.01055050663323932,0.02146932086694554,2.1272327562517175
2021-09-30,2021-11-05,BALL,179000000,0.55,325876000,3553000000,412000000,3704000000,8517000000,7071000000,1446000000,261000000,708000000,11.366286562987149,0.04832613390928726,0.00889131730578184,0.022255659742720247,2.299406047516199
2021-12-31,2022-02-16,BALL,297000000,0.92,322700000,3674000000,553000000,3627000000,8157000000,7594000000,563000000,362000000,884000000,11.239541369693214,0.08188585607940446,0.015065435730952623,0.031698806496061646,2.248966087675765
2022-03-31,2022-05-05,BALL,446000000,1.39,320904000,3716000000,795000000,3898000000,9004000000,8567000000,437000000,-1166000000,-804000000,12.146934908882407,0.11441765007696254,0.021313198891331358,0.03989136309948818,2.3099025141097997
2022-06-30,2022-08-04,BALL,-174000000,-0.55,316363636,4134000000,59000000,3465000000,9551000000,9071000000,480000000,-51000000,406000000,10.952586219485731,-0.050216450216450215,-0.008315014814106852,-0.008744082578895944,2.7564213564213564
2022-09-30,2022-11-03,BALL,392000000,1.25,314054000,3951000000,680000000,3479000000,9283000000,8810000000,473000000,-269000000,174000000,11.077712750036618,0.11267605633802817,0.01954819727721538,0.038916001199344026,2.668295487208968
2022-12-31,2023-02-21,BALL,55000000,0.18,313873000,3548000000,334000000,3461000000,9400000000,8852000000,548000000,118000000,507000000,11.026752858640277,0.015891360878358855,0.0027625696920990507,0.010292929595164719,2.7159780410286043
2023-03-31,2023-05-04,BALL,177000000,0.56,314236000,2981000000,433000000,3639000000,10101000000,9529000000,572000000,-618000000,-275000000,11.580468183148971,0.048639736191261336,0.008802028942264657,0.01593147890991147,2.775762572135202
2023-06-30,2023-08-03,BALL,173000000,0.55,314561000,3067000000,437000000,3836000000,10215000000,9260000000,955000000,371000000,636000000,12.194773032893462,0.04509906152241919,0.008576669475980368,0.016472346846719284,2.6629301355578727
2023-09-30,2023-11-02,BALL,203000000,0.64,314983000,3111000000,470000000,3938000000,10052000000,8717000000,1335000000,544000000,766000000,12.502262026839544,0.05154900964956831,0.010184627734296608,0.01743410283908111,2.552564753682072
2023-12-31,2024-02-20,BALL,154000000,0.49,315306000,3403000000,477000000,3769000000,8569000000,7874000000,695000000,521000000,736000000,11.953467425294793,0.04085964446802866,0.007978034502408951,0.019830804118871503,2.2735473600424516
2024-03-31,2024-05-07,BALL,3685000000,11.7,314950000,2874000000,361000000,7308000000,5800000000,4081000000,1719000000,-1401000000,-1247000000,23.203683124305446,0.5042419266557198,0.18519449190873455,0.012480341896688573,0.7936507936507936
2024-06-30,2024-08-01,BALL,158000000,0.51,309269000,2959000000,420000000,6913000000,5793000000,4447000000,1346000000,146000000,252000000,22.352709130239372,0.022855489657167657,0.008332893834713358,0.01781161971830986,0.837986402430204
2024-09-30,2024-10-31,BALL,197000000,0.65,302406000,3082000000,444000000,6683000000,5805000000,4365000000,1440000000,493000000,610000000,22.099429244128753,0.02947777944037109,0.010465363365915852,0.021855115781040563,0.8686218764028131
2024-12-31,2025-02-20,BALL,-32000000,-0.11,295356000,2880000000,223000000,5862000000,5673000000,4788000000,885000000,393000000,500000000,19.847235200910088,-0.005458887751620608,-0.0018152938506920807,-0.0004828973843058348,0.9677584442169908
2025-03-31,2025-05-06,BALL,179000000,0.63,283292000,3097000000,449000000,5501000000,6717000000,6268000000,449000000,-746000000,-665000000,19.41812687968598,0.03253953826576986,0.009922944730860913,0.01965143833611843,1.2210507180512633
2025-06-30,2025-08-05,BALL,212000000,0.77,276102000,3338000000,504000000,5206000000,7027000000,6731000000,296000000,236000000,332000000,18.855350558851438,0.040722243565117174,0.011392949269131557,0.02258217582607195,1.3497887053399924
