date,filingDate,symbol,netIncome,eps,weightedAverageShsOut,revenue,ebitda,totalStockholdersEquity,totalDebt,netDebt,cashAndCashEquivalents,freeCashFlow,operatingCashFlow,bookValuePerShare,ROE,ROA,ROIC,debtToEquity
2015-10-31,2015-12-04,BBY,125000000,0.36,344700000,8819000000,401000000,4650000000,1639000000,-58000000,1697000000,-45000000,155000000,13.489991296779808,0.026881720430107527,0.00825082508250825,0.030730112381606715,0.3524731182795699
2016-01-30,2016-03-23,BBY,479000000,1.41,339300000,13623000000,933000000,4378000000,1734000000,-242000000,1976000000,703000000,859000000,12.903035661656352,0.10941068981269986,0.03543161476440565,0.11840425531914893,0.3960712654179991
2016-04-30,2016-06-09,BBY,229000000,0.71,323600000,8443000000,542000000,4426000000,1378000000,-467000000,1845000000,347000000,483000000,13.677379480840544,0.0517397198373249,0.01775056197194016,0.060256518200443435,0.3113420695887935
2016-07-30,2016-09-02,BBY,198000000,0.62,320800000,8533000000,462000000,4319000000,1384000000,-477000000,1861000000,665000000,805000000,13.463216957605985,0.0458439453577217,0.014938886373924853,0.0504273647797686,0.32044454734892336
2016-10-29,2016-12-02,BBY,194000000,0.61,316200000,8945000000,484000000,4261000000,1367000000,26000000,1341000000,-62000000,107000000,13.475648323845668,0.04552921849331143,0.013340668408747078,0.0471437516113587,0.32081670969256043
2017-01-28,2017-03-24,BBY,607000000,1.94,313300000,13482000000,1054000000,4709000000,1365000000,-875000000,2240000000,1013000000,1150000000,15.030322374720715,0.12890210235718835,0.043807736720554276,0.16158462804317314,0.28987046081970697
2017-04-29,2017-06-05,BBY,188000000,0.61,309200000,8528000000,472000000,4499000000,1347000000,-304000000,1651000000,90000000,243000000,14.55045278137128,0.041787063791953766,0.014511771516788884,0.04773131745228337,0.29939986663703044
2017-07-29,2017-09-05,BBY,209000000,0.69,304100000,8940000000,496000000,4347000000,1354000000,-11000000,1365000000,306000000,449000000,14.294639921078593,0.04807913503565678,0.015545968461767331,0.0509998809665516,0.3114791810443984
2017-10-28,2017-12-01,BBY,239000000,0.8,299100000,9320000000,533000000,4152000000,1329000000,226000000,1103000000,318000000,511000000,13.881644934804413,0.0575626204238921,0.0161650321271559,0.05754182929533366,0.32008670520231214
2018-02-03,2018-04-02,BBY,364000000,1.26,289900000,15363000000,1074000000,3612000000,1355000000,254000000,1101000000,739000000,938000000,12.459468782338737,0.10077519379844961,0.027894857843512914,0.09609548749073338,0.3751384274640089
2018-05-05,2018-06-08,BBY,208000000,0.74,282600000,9109000000,452000000,3420000000,1342000000,-506000000,1848000000,23000000,204000000,12.101910828025478,0.0608187134502924,0.01721569276609833,0.07665663414777446,0.39239766081871347
2018-08-04,2018-09-10,BBY,244000000,0.88,279000000,9379000000,530000000,3186000000,848000000,-1017000000,1865000000,710000000,904000000,11.419354838709678,0.07658505963590709,0.020345201367464354,0.11899086464284664,0.26616446955430006
2018-11-03,2018-12-07,BBY,277000000,1.01,274300000,9590000000,537000000,3012000000,1326000000,98000000,1228000000,-245000000,-1000000,10.98067808968283,0.09196547144754316,0.018466666666666666,0.09311604793919906,0.4402390438247012
2019-02-02,2019-03-28,BBY,735000000,2.73,269000000,14801000000,1212000000,3306000000,1388000000,-592000000,1980000000,1101000000,1301000000,12.28996282527881,0.22232304900181488,0.05697232772653283,0.2763903672771273,0.41984271022383546
2019-05-04,2019-06-07,BBY,265000000,0.99,267600000,9142000000,548000000,3354000000,4019000000,2458000000,1561000000,-191000000,2000000,12.533632286995516,0.07901013714967203,0.018213058419243987,0.0480823374835763,1.1982707215265356
2019-08-03,2019-09-06,BBY,238000000,0.89,267100000,9536000000,524000000,3285000000,4134000000,2845000000,1289000000,431000000,623000000,12.298764507675028,0.07245053272450533,0.015889971958873015,0.0408489247626082,1.258447488584475
2019-11-02,2019-12-06,BBY,293000000,1.11,263200000,9764000000,611000000,3125000000,4097000000,2892000000,1205000000,111000000,312000000,11.873100303951368,0.09376,0.01731064634290441,0.050698257251412346,1.31104
2020-02-01,2020-03-23,BBY,745000000,2.87,259700000,15196000000,1186000000,3479000000,3994000000,1765000000,2229000000,1471000000,1628000000,13.39622641509434,0.21414199482609944,0.04778397793598871,0.1441239389557929,1.1480310434032768
2020-05-02,2020-05-27,BBY,159000000,0.61,258300000,8562000000,442000000,3410000000,5303000000,1384000000,3919000000,649000000,827000000,13.201703445605885,0.046627565982404695,0.01018904197372637,0.0357528332433891,1.5551319648093842
2020-08-01,2020-08-31,BBY,432000000,1.67,259500000,9910000000,783000000,3778000000,4193000000,-1112000000,5305000000,2799000000,2961000000,14.558766859344894,0.11434621492853361,0.024810475534114404,0.1663731440881611,1.1098464796188459
2020-10-31,2020-11-30,BBY,391000000,1.5,259800000,11853000000,780000000,4086000000,4728000000,-408000000,5136000000,-75000000,119000000,15.727482678983833,0.09569260890846794,0.018441656447504954,0.10841477693027449,1.15712187958884
2021-01-30,2021-03-19,BBY,816000000,3.15,259400000,16937000000,1263000000,4587000000,3991000000,-1503000000,5494000000,841000000,1020000000,17.683114880493445,0.17789404839764553,0.04279645460743693,0.2668745872986857,0.8700675822977981
2021-05-01,2021-06-04,BBY,595000000,2.35,253100000,11637000000,988000000,4158000000,3991000000,-287000000,4278000000,-56000000,105000000,16.428289213749505,0.14309764309764308,0.033606325896639366,0.15470905408687002,0.9598364598364598
2021-07-31,2021-08-31,BBY,734000000,2.93,250200000,11849000000,1014000000,4335000000,4100000000,-240000000,4340000000,597000000,759000000,17.32613908872902,0.1693194925028835,0.0395069702352118,0.17969220976739775,0.9457900807381776
2021-10-30,2021-12-03,BBY,499000000,2.02,246400000,11910000000,885000000,4278000000,3985000000,520000000,3465000000,-28000000,197000000,17.36201298701299,0.11664329125759701,0.02482340065665108,0.1049400282699245,0.9315100514258999
2022-01-29,2022-03-18,BBY,626000000,2.65,236600000,16365000000,1031000000,3020000000,3938000000,1002000000,2936000000,2002000000,2191000000,12.764158918005071,0.20728476821192052,0.03576325411334552,0.15720429866311728,1.3039735099337748
2022-04-30,2022-06-02,BBY,341000000,1.5,226800000,10647000000,681000000,2767000000,3942000000,3302000000,640000000,-1599000000,-1384000000,12.200176366843033,0.12323816407661728,0.02235918956134024,0.0569346820507256,1.4246476328153235
2022-07-30,2022-09-08,BBY,306000000,1.36,225400000,10329000000,603000000,2892000000,4049000000,3209000000,840000000,449000000,675000000,12.830523513753327,0.10580912863070539,0.019845644983461964,0.05153361635905481,1.4000691562932226
2022-10-29,2022-12-06,BBY,277000000,1.23,225500000,10587000000,595000000,2993000000,4012000000,3080000000,932000000,346000000,601000000,13.272727272727273,0.09254928165720014,0.016274014452734856,0.04662251015233405,1.340461075843635
2023-01-28,2023-03-17,BBY,495000000,2.24,220900000,14735000000,862000000,2795000000,3978000000,2104000000,1874000000,1698000000,1932000000,12.652784065187868,0.1771019677996422,0.03132316648737581,0.1026893326766757,1.4232558139534883
2023-04-29,2023-06-02,BBY,244000000,1.11,218900000,9467000000,569000000,2793000000,3923000000,2893000000,1030000000,-535000000,-331000000,12.759250799451804,0.08736126029359112,0.01661220043572985,0.04466119832355111,1.4045828857858933
2023-07-29,2023-09-01,BBY,274000000,1.25,218600000,9583000000,617000000,2835000000,4029000000,2936000000,1093000000,321000000,512000000,12.96889295516926,0.09664902998236331,0.017887452670061366,0.04889030427065429,1.421164021164021
2023-10-28,2023-12-01,BBY,263000000,1.21,217800000,9756000000,591000000,2812000000,4029000000,3393000000,636000000,-108000000,109000000,12.910927456382002,0.09352773826458037,0.015578722900130315,0.043963990588974135,1.4327880512091038
2024-02-03,2024-03-15,BBY,460000000,2.13,215900000,14646000000,819000000,3053000000,3982000000,2535000000,1447000000,997000000,1180000000,14.14080592867068,0.15067147068457254,0.030734282087258636,0.08429266235867466,1.3042908614477564
2024-05-04,2024-06-07,BBY,246000000,1.14,216200000,8847000000,556000000,3082000000,3984000000,2770000000,1214000000,4000000,156000000,14.25531914893617,0.07981829980532122,0.01667570498915401,0.04345533381697411,1.2926670992861777
2024-08-03,2024-09-06,BBY,291000000,1.35,216000000,9288000000,622000000,3107000000,4096000000,2709000000,1387000000,478000000,661000000,14.38425925925926,0.0936594785967171,0.018625192012288787,0.05156605283103613,1.3183134856775025
2024-11-02,2024-12-06,BBY,273000000,1.27,214800000,9445000000,582000000,3082000000,4065000000,3422000000,643000000,-449000000,-256000000,14.348230912476723,0.08857884490590526,0.01604183805382536,0.04326387886783896,1.3189487345879298
2025-02-01,2025-03-19,BBY,117000000,0.55,213600000,13948000000,452000000,2808000000,4053000000,2475000000,1578000000,1359000000,1537000000,13.146067415730338,0.041666666666666664,0.00791503179542687,0.023437559682508154,1.4433760683760684
2025-05-03,2025-06-06,BBY,202000000,0.95,212000000,8767000000,445000000,2763000000,4051000000,2904000000,1147000000,-132000000,34000000,13.033018867924529,0.07310893955845096,0.014297848244620612,0.03774172453523495,1.4661599710459645
2025-08-02,2025-09-05,BBY,186000000,0.88,211800000,9438000000,476000000,2716000000,4076000000,2363000000,1713000000,574000000,749000000,12.823418319169027,0.06848306332842416,0.012194322428374746,0.03820734753105655,1.5007363770250368
