date,filingDate,symbol,netIncome,eps,weightedAverageShsOut,revenue,ebitda,totalStockholdersEquity,totalDebt,netDebt,cashAndCashEquivalents,freeCashFlow,operatingCashFlow,bookValuePerShare,ROE,ROA,ROIC,debtToEquity
2015-09-30,2015-10-21,BIIB,965600000,4.16,232200000,2777859000,1523700000,10572726000,6534446000,2445443000,4089003000,666251000,895448000,45.532842377260984,0.0913293317163426,0.04658350334189358,0.07974356967886947,0.618047417477763
2015-12-31,2016-02-03,BIIB,831561000,3.77,220400000,2839300000,1309485000,9372800000,6526300000,5218300000,1308000000,854280000,1040395000,42.526315789473685,0.08872065978149539,0.04263365940691522,0.06031959991573271,0.6963020655513827
2016-03-31,2016-04-21,BIIB,970900000,4.44,218900000,2726800000,1540100000,10326800000,6540500000,5409800000,1130700000,836500000,963400000,47.175879396984925,0.0940175078436689,0.0469607781491388,0.06452989851464741,0.6333520548475811
2016-06-30,2016-07-21,BIIB,1049800000,4.79,219100000,2894200000,1646500000,11403800000,6543100000,5181100000,1362000000,859000000,995800000,52.04837973528069,0.09205703362037215,0.048794318329707924,0.06618546308589371,0.5737648853890809
2016-09-30,2016-10-26,BIIB,1032900000,4.72,218900000,2955800000,1623000000,12117500000,6534500000,4449700000,2084800000,705900000,986600000,55.35632708999543,0.08524035485867547,0.04672719623250953,0.06562155453989314,0.5392613988033835
2016-12-31,2017-02-02,BIIB,649200000,3.0,216600000,2872000000,1080400000,12140100000,6517400000,4190900000,2326500000,1393300000,1576600000,56.04847645429363,0.05347567153483085,0.028378094838438943,0.04274007647886706,0.536848955115691
2017-03-31,2017-04-25,BIIB,747600000,3.47,215600000,2810700000,1546700000,11479000000,6514200000,5590200000,924000000,-830000000,235200000,53.242115027829314,0.06512762435752244,0.03527097221632486,0.04592269329339608,0.5674884571826814
2017-06-30,2017-07-25,BIIB,862800000,4.07,211900000,3078400000,1378600000,11585200000,6513900000,5344400000,1169500000,846400000,1169200000,54.672958942897594,0.07447432931671442,0.039652557562387974,0.05382632859876833,0.5622604702551531
2017-09-30,2017-10-24,BIIB,1226100000,5.8,211400000,3077800000,1860900000,12860500000,6511500000,4963400000,1548100000,1349100000,1628300000,60.83491012298959,0.09533843940748804,0.053139573184473765,0.07193452428002513,0.506317794798025
2017-12-31,2018-02-01,BIIB,-297400000,-1.41,211500000,3307000000,1601600000,12612800000,5938200000,4364400000,1573800000,1222700000,1518300000,59.63498817966903,-0.023579221108714955,-0.01257367054784675,-0.01022935269291031,0.4708074337181276
2018-03-31,2018-04-24,BIIB,1172900000,5.55,211400000,3131100000,1709600000,14053700000,5932700000,1824700000,4108000000,1252400000,1457100000,66.47918637653737,0.08345844866476444,0.04495574949885205,0.07608149309728833,0.4221450578851121
2018-06-30,2018-07-24,BIIB,866600000,4.18,207100000,3356500000,1463200000,12260900000,5928400000,4678200000,1250200000,834500000,1099300000,59.202800579430225,0.07067996639724654,0.03617933527881801,0.05919556065592297,0.4835207855867024
2018-09-30,2018-10-23,BIIB,1444400000,7.17,201400000,3439000000,2018900000,13766600000,5931100000,3544400000,2386700000,1545200000,1735900000,68.3545183714002,0.10492060494239681,0.056660468692384336,0.08560474561320548,0.4308325948309677
2018-12-31,2019-02-06,BIIB,946800000,4.74,199800000,3526300000,1616900000,13039600000,5936500000,4711900000,1224600000,1669500000,1895400000,65.26326326326327,0.07260958925120402,0.03743935086144514,0.0550882848737301,0.4552670327310654
2019-03-31,2019-04-24,BIIB,1408800000,7.17,196600000,3489800000,1751200000,13829900000,6379300000,4136100000,2243200000,1332400000,1459500000,70.34537131230925,0.10186624632137616,0.05327182318352839,0.07012255975743907,0.4612687004244427
2019-06-30,2019-07-24,BIIB,1494100000,7.85,190300000,3616700000,1923300000,12952900000,6371500000,4648100000,1723400000,1777100000,1964000000,68.06568575932738,0.11534868639455258,0.05683668345531734,0.08814102553850747,0.49189756734013235
2019-09-30,2019-10-22,BIIB,1545900000,8.4,184000000,3600100000,2154300000,13995900000,6364000000,4020100000,2343900000,1604800000,1694900000,76.06467391304348,0.11045377574861209,0.05624727113957211,0.08925733368477909,0.454704592059103
2019-12-31,2020-02-06,BIIB,1439700000,8.1,177800000,3671300000,1887300000,13343200000,6367500000,3453800000,2913700000,1849800000,1960200000,75.04611923509562,0.10789765573475628,0.05286348464987167,0.0887629824795556,0.4772093650698483
2020-03-31,2020-04-23,BIIB,1399100000,8.1,172800000,3534300000,2010200000,12546900000,6365400000,3774100000,2591300000,1317600000,1467300000,72.609375,0.11150961592106416,0.053565959141168185,0.09591927827102566,0.5073285034550367
2020-06-30,2020-07-22,BIIB,1542100000,9.6,160600000,3681600000,2206900000,11308700000,7838600000,5453700000,2384900000,1843500000,1948500000,70.41531755915318,0.13636403830679034,0.06044653846455366,0.09801398631292531,0.6931477534995181
2020-09-30,2020-10-21,BIIB,701500000,4.47,156900000,3376100000,1128900000,10758500000,7834100000,5609300000,2224800000,1097000000,1181100000,68.5691523263225,0.06520425709903797,0.02813416165010969,0.04638043269545744,0.7281777199423711
2020-12-31,2021-02-03,BIIB,357900000,2.33,153700000,2852600000,518400000,10700300000,7828200000,6497000000,1331200000,-468100000,-367100000,69.61808718282369,0.03344766034597161,0.014537611347379452,0.022880887529253376,0.7315869648514528
2021-03-31,2021-04-22,BIIB,410200000,2.7,151900000,2694000000,973900000,10682200000,7647200000,6429700000,1217500000,676400000,769000000,70.32389730085583,0.0384003295201363,0.017195772740801602,0.02813108770756261,0.7158824961150325
2021-06-30,2021-07-22,BIIB,448500000,3.0,149700000,2775000000,711400000,10751900000,7633100000,5891100000,1742000000,1155400000,1227300000,71.82297929191716,0.04171355760377236,0.018328265986661436,0.06532704029483076,0.7099303378937676
2021-09-30,2021-10-20,BIIB,329200000,2.22,148000000,2778900000,490100000,10429900000,7619300000,6077500000,1541800000,743400000,805300000,70.4722972972973,0.03156310223492076,0.013828040005544658,0.023577238130862616,0.7305247413685654
2021-12-31,2022-02-03,BIIB,368200000,2.51,146900000,2733800000,713100000,10896200000,7603500000,5342100000,2261400000,769800000,838300000,74.17426820966644,0.03379159707053835,0.01542050399333258,-0.002737569910734588,0.6978120812760412
2022-03-31,2022-05-03,BIIB,303800000,2.06,147100000,2531800000,556700000,11242300000,7587500000,5838200000,1749300000,103900000,161800000,76.42624065261727,0.027022940145699722,0.012865031506199607,0.015456339976484072,0.6749063803670068
2022-06-30,2022-07-20,BIIB,1058000000,7.25,145900000,2589100000,1003900000,11872500000,7551400000,4904800000,2646600000,697700000,736500000,81.3742289239205,0.08911349757843756,0.04218265328091733,0.066003953507699,0.6360412718467046
2022-09-30,2022-10-25,BIIB,1134700000,7.86,144400000,2508500000,945400000,12775500000,6634000000,2958400000,3675600000,601900000,661000000,88.4729916897507,0.08881844154827599,0.04565425561876866,0.07528209793226139,0.5192751751399163
2022-12-31,2023-02-15,BIIB,550400000,3.82,144100000,2544000000,764900000,13397900000,6614000000,3194700000,3419300000,-262400000,-175000000,92.9764052741152,0.04108106494301346,0.022415808357870985,0.03612283860626009,0.493659454093552
2023-03-31,2023-04-25,BIIB,387900000,2.69,144400000,2463000000,613100000,13796600000,6609700000,3711500000,2898200000,388700000,455300000,95.54432132963989,0.028115622689648175,0.015769318329647456,0.025295169822266796,0.47908180276299955
2023-06-30,2023-07-25,BIIB,591600000,4.09,144700000,2456000000,750700000,14466900000,6589000000,3971200000,2617800000,400000000,487000000,99.97857636489289,0.04089334964643428,0.023516504483877123,0.03440916970322854,0.45545348346916065
2023-09-30,2023-11-08,BIIB,-68100000,-0.47,144800000,2530300000,47600000,14483800000,7715200000,5427300000,2287900000,504800000,592400000,100.02624309392266,-0.004701804774989988,-0.002415476072244371,-0.001880319777786197,0.5326778883994532
2023-12-31,2024-02-13,BIIB,249700000,1.72,144900000,2386300000,601200000,14799400000,7338200000,6288300000,1049900000,-52700000,12500000,102.13526570048309,0.01687230563401219,0.009301615210394564,0.01866393806574312,0.4958444261253835
2024-03-31,2024-04-24,BIIB,393400000,2.71,145200000,2290500000,681500000,15213000000,6946600000,5872200000,1074400000,432300000,553200000,104.77272727272727,0.02585946230197857,0.01480750989927581,0.021435408699849764,0.45662262538618287
2024-06-30,2024-08-01,BIIB,583600000,4.01,145600000,2464900000,918900000,15889100000,6659500000,4750600000,1908900000,583200000,625800000,109.12843406593407,0.03672958191464589,0.021772788491312898,0.030756346978128957,0.41912380185158377
2024-09-30,2024-10-30,BIIB,388500000,2.67,145700000,2465800000,693600000,16358900000,6650900000,4951700000,1699200000,805600000,935600000,112.27796842827728,0.023748540549792467,0.01372151505304946,0.020647605431589035,0.40656156587545617
2024-12-31,2025-02-12,BIIB,266700000,1.83,145700000,2454700000,535500000,16716000000,6630300000,4255300000,2375000000,694600000,760900000,114.72889498970487,0.015954773869346732,0.009508258673121968,0.01533502304493099,0.39664393395549175
2025-03-31,2025-05-01,BIIB,240500000,1.65,145900000,2431000000,554400000,16978700000,6621200000,4022900000,2598300000,212200000,259300000,116.3721727210418,0.01416480649284103,0.008579143940555986,0.013659382837571538,0.38997096361912276
2025-06-30,2025-07-31,BIIB,634800000,4.35,145900000,2645500000,1010900000,17634000000,6594600000,3835800000,2758800000,144300000,160900000,120.8636052090473,0.035998638992854715,0.022407183853273185,0.03245229082471132,0.37397073834637634
