date,filingDate,symbol,netIncome,eps,weightedAverageShsOut,revenue,ebitda,totalStockholdersEquity,totalDebt,netDebt,cashAndCashEquivalents,freeCashFlow,operatingCashFlow,bookValuePerShare,ROE,ROA,ROIC,debtToEquity
2015-09-30,2015-10-30,CAT,559000000,0.63,588400000,10962000000,1668000000,15896000000,37543000000,37543000000,0,780000000,1506000000,27.015635622025833,0.035166079516859586,0.007078727095442516,0.012269441169682566,2.3617891293407145
2015-12-31,2016-02-16,CAT,-87000000,-0.15,582300000,11030000000,690000000,14809000000,38013000000,38013000000,0,747000000,1811000000,25.43190795122789,-0.005874805861300561,-0.0011105154323351458,-0.0006255471967823258,2.5668850023634278
2016-03-31,2016-05-02,CAT,271000000,0.46,582800000,9461000000,1234000000,15676000000,38363000000,38363000000,0,-250000000,490000000,26.89773507206589,0.017287573360551162,0.003460737865069534,0.006831045303259815,2.447244194947691
2016-06-30,2016-08-03,CAT,550000000,0.94,584100000,10342000000,1623000000,15232000000,38323000000,38323000000,0,1449000000,2314000000,26.077726416709467,0.03610819327731092,0.0070242656449553,0.012175236226671701,2.515953256302521
2016-09-30,2016-11-02,CAT,283000000,0.48,584700000,9160000000,1270000000,15645000000,37110000000,37110000000,0,576000000,1171000000,26.757311441765008,0.01808884627676574,0.0037040915159289025,0.007204459105403106,2.3720038350910833
2016-12-31,2017-02-15,CAT,-1171000000,-2.0,585785570,9574000000,-449000000,13137000000,36783000000,36783000000,0,917000000,1645000000,22.42629500074575,-0.08913755043008297,-0.0156751981152281,-0.02131213951230655,2.7999543274720256
2017-03-31,2017-05-03,CAT,192000000,0.33,587500000,9822000000,1122000000,13588000000,38282000000,38282000000,0,1033000000,1542000000,23.128510638297872,0.014130114807182808,0.0024758539761956955,0.005425807204902832,2.8173388283779808
2017-06-30,2017-08-02,CAT,802000000,1.36,590200000,11331000000,2000000000,14009000000,37192000000,37192000000,0,1767000000,2382000000,23.73602168756354,0.05724891141409094,0.010215259202649344,0.01724622673351727,2.6548647298165466
2017-09-30,2017-11-01,CAT,1059000000,1.79,592900000,11413000000,2364000000,15627000000,35924000000,35924000000,0,728000000,1241000000,26.35688986338337,0.06776732578229987,0.013480142566191447,0.02206031350359655,2.298841748256223
2017-12-31,2018-02-15,CAT,-1299000000,-2.18,596400000,12896000000,2004000000,13697000000,34878000000,34878000000,0,-158000000,541000000,22.96613011401744,-0.09483828575600496,-0.016878459499493258,-0.030589770938227418,2.5463970212455282
2018-03-31,2018-05-02,CAT,1665000000,2.78,598000000,12859000000,2916000000,15206000000,35315000000,35315000000,0,178000000,935000000,25.42809364548495,0.10949625147967908,0.021342323172763862,0.034477074271782274,2.3224385111140338
2018-06-30,2018-08-07,CAT,1707000000,2.86,596200000,14011000000,2974000000,14879000000,36169000000,36169000000,0,1377000000,2148000000,24.95639047299564,0.11472545197929969,0.021611151202096546,0.03481505994269006,2.4308757308958935
2018-09-30,2018-10-31,CAT,1727000000,2.92,592100000,13510000000,2935000000,15850000000,35773000000,27727000000,8046000000,791000000,1392000000,26.769126836682993,0.1089589905362776,0.022081857586722757,0.04138867531928361,2.256971608832808
2018-12-31,2019-02-14,CAT,1048000000,1.8,581400000,14342000000,2167000000,14039000000,36553000000,28663000000,7890000000,1296000000,2083000000,24.1468868249054,0.07464919153785882,0.01334878803704034,0.026286978814647224,2.6036754754612152
2019-03-31,2019-05-06,CAT,1881000000,3.29,572400000,13466000000,3008000000,15437000000,35782000000,35782000000,7158000000,574000000,1121000000,26.96890286512928,0.12185010040811038,0.02389299596067373,0.044566412176801726,2.3179374230744316
2019-06-30,2019-08-01,CAT,1620000000,2.85,567800000,14432000000,2928000000,14837000000,36278000000,36278000000,7459000000,1910000000,2588000000,26.130679816836913,0.10918649322639347,0.02045790344374708,0.038732502646397646,2.4451034575722854
2019-09-30,2019-10-31,CAT,1494000000,2.69,556300000,12758000000,2753000000,14952000000,37906000000,37906000000,7936000000,138000000,769000000,26.877584037389898,0.09991974317817015,0.01915556524303463,0.034844492547851665,2.53517924023542
2019-12-31,2020-02-19,CAT,1098000000,2.0,550300000,13144000000,2121000000,14588000000,37657000000,37657000000,8292000000,1621000000,2434000000,26.509176812647645,0.07526734302166165,0.013995640702076402,0.026848996765713572,2.5813682478749658
2020-03-31,2020-05-06,CAT,1092000000,2.0,546800000,10635000000,2240000000,14197000000,37093000000,29963000000,7130000000,582000000,1130000000,25.963789319678128,0.07691765866028034,0.014388489208633094,0.02651183980638139,2.6127350848770865
2020-06-30,2020-08-05,CAT,458000000,0.84,541500000,9997000000,1421000000,13734000000,38622000000,29831000000,8791000000,941000000,1391000000,25.36288088642659,0.03334789573321684,0.005981767364104172,0.01248651942290582,2.8121450415028395
2020-09-30,2020-11-04,CAT,668000000,1.23,542300000,9881000000,1592000000,14949000000,38126000000,28807000000,9319000000,1241000000,1734000000,27.565922920892493,0.04468526322830959,0.008704603797187944,0.017855133713530275,2.5504047093451065
2020-12-31,2021-02-17,CAT,780000000,1.43,544500000,11235000000,1688000000,15331000000,37163000000,27811000000,9352000000,1448000000,2072000000,28.156106519742885,0.05087730741634597,0.009958633369082273,0.020447198825792597,2.4240427891200835
2021-03-31,2021-05-05,CAT,1530000000,2.8,546400000,11887000000,2725000000,16573000000,38180000000,26829000000,11351000000,1424000000,1928000000,30.33125915080527,0.09231883183491221,0.018952297191839364,0.0376136348339434,2.3037470584685935
2021-06-30,2021-08-04,CAT,1413000000,2.58,547900000,12889000000,2577000000,16833000000,37585000000,26518000000,11067000000,1522000000,2118000000,30.722759627669284,0.08394225628230262,0.017295616730112488,0.034452636923476714,2.2328164914156714
2021-09-30,2021-11-03,CAT,1426000000,2.62,544000000,12397000000,2482000000,16665000000,36784000000,27338000000,9446000000,1153000000,1740000000,30.634191176470587,0.08556855685568557,0.017652010299069123,0.03413277096363191,2.207260726072607
2021-12-31,2022-02-16,CAT,2120000000,3.94,538700000,13798000000,3260000000,16484000000,37789000000,28535000000,9254000000,627000000,1412000000,30.59959160943011,0.12860956078621694,0.025606029495247182,0.04940052729229508,2.2924654210143167
2022-03-31,2022-05-04,CAT,1537000000,2.88,534500000,13589000000,2665000000,17065000000,37584000000,31058000000,6526000000,-366000000,313000000,31.927034611786716,0.09006738939349546,0.01868102484321066,0.03356300609631323,2.2024025783767947
2022-06-30,2022-08-03,CAT,1673000000,3.15,531000000,14247000000,2757000000,15727000000,36962000000,30948000000,6014000000,1638000000,2233000000,29.617702448210924,0.10637756724105042,0.020627072879036333,0.0376187109444742,2.3502257264576842
2022-09-30,2022-11-02,CAT,2041000000,3.89,525000000,14994000000,3218000000,15591000000,36525000000,30179000000,6346000000,1864000000,2481000000,29.697142857142858,0.13090885767429927,0.025226494617276628,0.04630697397149873,2.342697710217433
2022-12-31,2023-02-15,CAT,1454000000,2.81,517400000,16597000000,2774000000,15869000000,36993000000,29989000000,7004000000,2031000000,2739000000,30.670660997294164,0.09162518117083622,0.017744041589885653,0.03348987825434182,2.3311487806415023
2023-03-31,2023-05-03,CAT,1943000000,3.76,516200000,15862000000,3295000000,18149000000,37038000000,30249000000,6789000000,823000000,1573000000,35.15885315769082,0.10705824012342278,0.023228012289447573,0.04183664224390997,2.0407735963413964
2023-06-30,2023-08-02,CAT,2922000000,5.7,512900000,17318000000,4321000000,18235000000,37699000000,30312000000,7387000000,2542000000,3249000000,35.55273932540456,0.16024129421442282,0.034204642560314656,0.06191792017934541,2.067397861255827
2023-09-30,2023-11-01,CAT,2794000000,5.48,509800000,16810000000,4169000000,20489000000,37139000000,30594000000,6545000000,3279000000,4060000000,40.19027069438996,0.13636585484894334,0.03219227800117524,0.056489463455464475,1.8126311679437748
2023-12-31,2024-02-16,CAT,2676000000,5.31,504400000,17070000000,3920000000,19494000000,37878000000,30900000000,6978000000,3149000000,4003000000,38.64789849325932,0.13727300707910126,0.030591247885134207,0.05491314332629433,1.943059402893198
2024-03-31,2024-05-01,CAT,2856000000,5.78,493900000,15799000000,4199000000,17639000000,37853000000,32894000000,4959000000,1316000000,2052000000,35.71370722818384,0.16191394069958615,0.03410515756917161,0.05859865845893057,2.1459833323884574
2024-06-30,2024-08-07,CAT,2681000000,5.5,487200000,16689000000,4168000000,17130000000,37311000000,32970000000,4341000000,2302000000,3021000000,35.16009852216749,0.15650904845300642,0.03217097052894308,0.05533883611792621,2.178108581436077
2024-09-30,2024-11-06,CAT,2464000000,5.09,484200000,16106000000,3766000000,19397000000,37901000000,32263000000,5638000000,2846000000,3569000000,40.05989260636101,0.1270299530855287,0.028560499808746653,0.04948900372371564,1.9539619528793113
2024-12-31,2025-02-14,CAT,2791000000,5.76,484200000,16215000000,3905000000,19491000000,38409000000,31520000000,6889000000,2356000000,3393000000,40.254027261462205,0.14319429480272947,0.03180119411148079,0.056324988233763286,1.970601816222872
2025-03-31,2025-04-30,CAT,2003000000,4.22,474900000,14249000000,3226000000,18067000000,38588000000,35026000000,3562000000,371000000,1289000000,38.04379869446199,0.11086511318979354,0.023571916115517687,0.039321970531921345,2.1358277522554934
2025-06-30,2025-08-06,CAT,2179000000,4.6391,469700000,16569000000,3479000000,18661000000,40748000000,35306000000,5442000000,2167000000,3122000000,39.72961464764744,0.11676759016129896,0.024123996678660393,0.04180578396729171,2.183591447403676
