date,filingDate,symbol,netIncome,eps,weightedAverageShsOut,revenue,ebitda,totalStockholdersEquity,totalDebt,netDebt,cashAndCashEquivalents,freeCashFlow,operatingCashFlow,bookValuePerShare,ROE,ROA,ROIC,debtToEquity
2015-09-30,2015-11-03,CBOE,67219000,0.81,105900000,187035000,113527000,259817000,1976000000,1854322000,121678000,79017000,88312000,2.4534183191690273,0.25871671214739606,0.16913886854931445,0.03194049589771407,7.605352998456606
2015-12-31,2016-02-19,CBOE,50180000,0.61,105900000,155946000,88119000,259645000,1896000,-100357000,102253000,38732000,51141000,2.451794145420208,0.19326387952781682,0.13040947222886368,0.3165278139041793,0.0073022781104970244
2016-03-31,2016-05-03,CBOE,49200000,0.6,105900000,162330000,91353000,247927000,1881000,-105601000,107482000,88494000,97428000,2.3411425873465532,0.1984455101703324,0.12461059190031153,0.34565832927898166,0.007586910663219416
2016-06-30,2016-08-02,CBOE,50700000,0.62,105900000,163329000,90246000,265763000,1902000,-50291000,52193000,979000,17475000,2.509565627950897,0.19077147684214882,0.12467908047333785,0.21997300900550865,0.007156752444847477
2016-09-30,2016-11-08,CBOE,40300000,0.5,105900000,156207000,75673000,289565000,1922000,-70837000,72759000,48224000,59227000,2.734324834749764,0.13917427865936835,0.09131240625184098,0.18566252916617093,0.006637542520677568
2016-12-31,2017-02-21,CBOE,44971000,0.55,105900000,163241000,85189000,317946000,1843000,-95455000,97298000,47464000,55433000,3.0023229461756373,0.14144225749026565,0.09424622510033218,0.2179102126891029,0.005796581809489661
2017-03-31,2017-05-11,CBOE,15100000,0.16,105900000,356200000,108100000,2745400000,1486700000,1333400000,153300000,-17000000,-9600000,25.924457034938623,0.00550010927369418,0.002825017305569587,0.005274239557225392,0.5415240037881547
2017-06-30,2017-08-04,CBOE,67300000,0.6,112100000,640800000,166300000,2816700000,1411300000,1262700000,148600000,178000000,189800000,25.126672613737735,0.023893208364398056,0.012473126251019349,0.018413012539914,0.5010473248837292
2017-09-30,2017-11-07,CBOE,59700000,0.53,112300000,611400000,169600000,2877900000,1312400000,1187600000,124800000,-100000,6800000,25.626892252894034,0.02074429271343688,0.011419062374476388,0.01634474851084037,0.4560269641057716
2017-12-31,2018-02-22,CBOE,254600000,2.27,112300000,620700000,163000000,3110600000,1237900000,1094400000,143500000,184100000,195500000,27.699020480854852,0.08184916093358195,0.048350646637674,0.06701484098455592,0.39796180801131614
2018-03-31,2018-05-04,CBOE,117300000,1.04,112400000,777700000,220700000,3175200000,1213400000,1047100000,166300000,156200000,163500000,28.249110320284696,0.03694255479969766,0.022014939379152436,0.029655086687814063,0.38214915595867976
2018-06-30,2018-08-03,CBOE,82400000,0.74,112000000,667500000,177900000,3149600000,1214100000,1074100000,140000000,180500000,185800000,28.12142857142857,0.026162052324104648,0.015497752449735749,0.021242125927219736,0.3854775209550419
2018-09-30,2018-11-02,CBOE,85000000,0.76,111400000,575900000,171600000,3151900000,1214700000,1077900000,136800000,-56400000,-41200000,28.293536804308797,0.026967860655477648,0.01660318390467819,0.022090244759300458,0.38538659221422
2018-12-31,2019-02-22,CBOE,137400000,1.23,111300000,747700000,222700000,3241000000,1215400000,940300000,275100000,218100000,226600000,29.11949685534591,0.042394322739895095,0.02582221386957339,0.03465805312698522,0.3750077136686208
2019-03-31,2019-05-03,CBOE,94600000,0.85,111500000,602600000,191400000,3285400000,1266100000,919900000,346200000,112200000,118000000,29.465470852017937,0.028794058562123335,0.01774726099354645,0.024409468832217722,0.38537164424423204
2019-06-30,2019-08-02,CBOE,87600000,0.79,111500000,620600000,179200000,3327000000,963500000,802200000,161300000,186300000,199600000,29.838565022421523,0.026330027051397656,0.01697904754520962,0.022175050225541112,0.28960024045686805
2019-09-30,2019-11-01,CBOE,105500000,0.95,111600000,675400000,198200000,3328700000,914500000,764500000,150000000,69700000,77500000,29.82706093189964,0.03169405473608316,0.021018867172713326,0.027488041756942586,0.27473187730946014
2019-12-31,2020-02-21,CBOE,86100000,0.78,110900000,598600000,162600000,3355600000,914300000,685000000,229300000,229500000,237700000,30.257889990982868,0.02565860054833711,0.01683646532001017,0.022798303870703602,0.2724699010609131
2020-03-31,2020-05-01,CBOE,157000000,1.42,110400000,921500000,267700000,3310100000,996400000,831200000,165200000,152700000,163300000,29.982789855072465,0.04743059122080904,0.02997613365155131,0.03940536191228752,0.3010180961300263
2020-06-30,2020-07-31,CBOE,113300000,1.04,109500000,868700000,209100000,3286300000,1005900000,795800000,210100000,318400000,325000000,30.011872146118723,0.03447646289139762,0.02111324376199616,0.029143840552606666,0.3060889145847914
2020-09-30,2020-10-30,CBOE,109600000,1.01,108700000,792700000,185000000,3344500000,1074700000,862000000,212700000,681100000,701100000,30.76816927322907,0.0327702197637913,0.01803580832016851,0.027661189384441894,0.32133353266557035
2020-12-31,2021-02-19,CBOE,87100000,0.81,107900000,844200000,204100000,3348900000,1336000000,1090600000,245400000,259200000,269400000,31.03707136237257,0.026008540117650573,0.013366070743497277,0.021312408182663018,0.3989369643763624
2021-03-31,2021-04-30,CBOE,136800000,1.27,107300000,1010800000,250000000,3404200000,1316900000,1053600000,263300000,589200000,599100000,31.726001863932897,0.04018565301686152,0.01966053951509751,0.03275595405014773,0.3868456612419952
2021-06-30,2021-07-30,CBOE,105200000,0.99,106800000,800800000,230600000,3442500000,1432500000,981600000,450900000,111300000,122700000,32.23314606741573,0.03055918663761801,0.014824209117170436,0.02549676164966563,0.41612200435729846
2021-09-30,2021-10-29,CBOE,120000000,1.12,106800000,816800000,240200000,3497000000,1431800000,1039400000,392400000,547600000,563600000,32.743445692883896,0.03431512725193023,0.0158254975140781,0.028327567755475236,0.4094366599942808
2021-12-31,2022-02-18,CBOE,165300000,1.55,106800000,866400000,261600000,3604800000,1428500000,1086600000,341900000,-702300000,-688600000,33.752808988764045,0.04585552596537949,0.02425709883337002,0.03729725792973738,0.39627718597425654
2022-03-31,2022-04-29,CBOE,109200000,1.02,106600000,974500000,282600000,3567300000,1734900000,1075500000,659400000,1249000000,1259800000,33.46435272045028,0.03061138676309814,0.01332015954916383,0.0248345253088753,0.4863342023379026
2022-06-30,2022-07-29,CBOE,-184500000,-1.74,106300000,985800000,-231200000,3261900000,2098600000,1725300000,373300000,-645800000,-634400000,30.68579492003763,-0.05656212636806769,-0.02467864260777678,-0.03481939465967456,0.6433673625800913
2022-09-30,2022-11-04,CBOE,149600000,1.41,106200000,993500000,280200000,3293800000,1991600000,1638300000,353300000,159100000,169300000,31.015065913370996,0.04541866537130366,0.020500452215857702,0.03259461743755306,0.6046511627906976
2022-12-31,2023-02-17,CBOE,159700000,1.5,106200000,1004700000,297200000,3465300000,1871300000,1438600000,432700000,-171000000,-143600000,32.62994350282486,0.046085476004963495,0.022817871379788253,0.03492756738716606,0.5400109658615415
2023-03-31,2023-05-05,CBOE,173400000,1.63,105900000,988200000,295700000,3538700000,1869500000,1433900000,435600000,1018400000,1030800000,33.41548630783758,0.0490010455817108,0.02193964699183906,0.03727357425541281,0.528301353604431
2023-06-30,2023-08-04,CBOE,167800000,1.58,105900000,907800000,285300000,3664400000,1726600000,1313000000,413600000,-510900000,-503100000,34.6024551463645,0.045791944110904925,0.023318834336219237,0.03604073705124001,0.4711821853509442
2023-09-30,2023-11-03,CBOE,208200000,1.96,105900000,908800000,310800000,3788300000,1660500000,1257400000,403100000,729200000,736900000,35.772426817752596,0.05495868859382837,0.026925315227934045,0.04361549726503094,0.43832325845365994
2023-12-31,2024-02-16,CBOE,212000000,1.99,105900000,968700000,331500000,3985000000,1610800000,1062500000,548300000,296900000,314000000,37.62983947119925,0.053199498117942286,0.027467544246067736,0.04392938389646187,0.4042158092848181
2024-03-31,2024-05-03,CBOE,209500000,1.97,105900000,957200000,320300000,4024100000,1604900000,1063700000,541200000,158300000,165600000,37.99905571293673,0.05206133048383489,0.025698899670023676,0.04300952507787288,0.39882209686638004
2024-06-30,2024-08-02,CBOE,140400000,1.33,105900000,974000000,323500000,4021700000,1588000000,968200000,619800000,282900000,300700000,37.97639282341832,0.0349106099410697,0.015169194865810968,0.029910981759508886,0.39485789591466297
2024-09-30,2024-11-01,CBOE,217400000,2.08,104700000,1055700000,353600000,4208300000,1584500000,821300000,763200000,1332700000,1344700000,40.19388729703916,0.051659815127248536,0.024955518567410892,0.045242391579068744,0.37651783380462417
2024-12-31,2025-02-21,CBOE,196500000,1.87,104800000,1107600000,330700000,4279600000,1599300000,679000000,920300000,-734200000,-710400000,40.83587786259542,0.04591550612206748,0.025227561592481802,0.04145580321039617,0.37370314982708663
2025-03-31,2025-05-02,CBOE,250600000,2.38,104700000,1195000000,393300000,4452100000,1603600000,556400000,1047200000,898200000,912900000,42.52244508118434,0.056288043844477886,0.02891327172245105,0.05186374482625681,0.36018957345971564
2025-06-30,2025-08-01,CBOE,233900000,2.234,104700000,1173500000,386100000,4665100000,1600800000,312400000,1288400000,313400000,333700000,44.556829035339064,0.05013826070180703,0.025850159698506903,0.05028162895612444,0.3431437696941116
