date,filingDate,symbol,netIncome,eps,weightedAverageShsOut,revenue,ebitda,totalStockholdersEquity,totalDebt,netDebt,cashAndCashEquivalents,freeCashFlow,operatingCashFlow,bookValuePerShare,ROE,ROA,ROIC,debtToEquity
2015-09-30,2015-11-09,CBRE,149123000,0.45,332684487,2712559000,311994000,2545679000,3714836000,3274479000,440357000,149665000,184601000,7.651931783642199,0.0585788703131856,0.015606044876523003,0.027400302690378422,1.4592711806948166
2015-12-31,2016-02-29,CBRE,180043000,0.54,333783269,3700242000,345389000,2712652000,4430336000,3889933000,540403000,455347000,509487000,8.126986137223073,0.06637158028379608,0.0163408904910835,0.022964028989963584,1.6332120743832972
2016-03-31,2016-05-10,CBRE,82167000,0.25,333992935,2846734000,197555000,2817595000,3669500000,3180271000,489229000,-362108000,-328640000,8.436091619722434,0.029162104560804515,0.00835443539920906,0.01157720539612144,1.3023518284210471
2016-06-30,2016-08-09,CBRE,121668000,0.36,335076746,3207537000,300062000,2855118000,3662834000,3231066000,431768000,73033000,118623000,8.520788249507472,0.04261400054218425,0.012261740202036327,0.02269641577974088,1.2829010920039032
2016-09-30,2016-11-09,CBRE,104163000,0.31,335770122,3193487000,321374000,2935025000,4362032000,3915686000,446346000,127084000,182383000,8.741173820105411,0.03548964659585523,0.009665512022619022,0.02280084294868241,1.4861992657643461
2016-12-31,2017-03-01,CBRE,263975000,0.78,336843925,3823831000,575504000,3014487000,3802806000,3040230000,762576000,540546000,597394000,8.949209934541642,0.0875687969462134,0.024488415001428163,0.052889938724702296,1.2615101674016176
2017-03-31,2017-05-10,CBRE,137020000,0.41,336907836,4050966000,297863000,3211945000,3340739000,2807458000,533281000,-349770000,-326035000,9.53360134965813,0.042659510047650256,0.013802604423119232,0.0244065600149741,1.040098445023187
2017-06-30,2017-08-09,CBRE,201777000,0.6,336975149,4439571000,317416000,3539693000,3605401000,3069720000,535681000,223184000,259312000,10.504314666836159,0.05700409611794017,0.019024406249239834,0.024427243078594518,1.018563191779626
2017-09-30,2017-11-09,CBRE,199088000,0.59,337948324,4638596000,335367000,3795470000,3967847000,3012242000,955605000,476498000,518241000,11.230918251276783,0.05245410976769675,0.01708614493597416,0.02468619010396047,1.045416509681278
2017-12-31,2018-03-01,CBRE,168400000,0.5,338777028,5499654000,514322000,4019430000,2910393000,2158619000,751774000,448866000,525302000,11.864529374169964,0.04189648781046069,0.014370567439434543,0.024723013708203106,0.724081026414193
2018-03-31,2018-05-10,CBRE,150288000,0.44,338890098,4673952000,321756000,4357631000,3369260000,2726406000,642854000,-281466000,-234742000,12.858537401113443,0.03448846403011177,0.012621350580586494,0.02305999379565224,0.7731861646844352
2018-06-30,2018-08-09,CBRE,228667000,0.67,339081556,5111434000,326404000,4453577000,3833958000,3302477000,531481000,110157000,170915000,13.134235469887958,0.05134457089211661,0.018241616560130198,0.0210247395586156,0.8608716094950194
2018-09-30,2018-11-09,CBRE,290469000,0.86,339477316,5260954000,330701000,4712956000,3484747000,2934279000,550468000,575447000,619858000,13.882977677365636,0.061632020328643,0.02238317049797505,0.021428371431189596,0.7393973124298211
2018-12-31,2019-03-01,CBRE,393795000,1.16,339823278,6293748000,599434000,4938797000,3099167000,2321948000,777219000,558929000,634839000,14.533427577612855,0.07973500429355569,0.029263658882172,0.05284193161698253,0.6275145546577435
2019-03-31,2019-05-10,CBRE,164409000,0.49,336020431,5135510000,329100000,5089379000,4814634000,4209682000,604952000,-446954000,-399289000,15.146040331101176,0.032304334183011325,0.011189608009469538,0.019103754473124027,0.9460160070609793
2019-06-30,2019-08-09,CBRE,223731000,0.67,336222471,5714073000,423586000,5346637000,4518534000,3982916000,535618000,39721000,92730000,15.902081095585071,0.04184518230805645,0.01520001005493869,0.026558176844790067,0.8451170333800481
2019-09-30,2019-11-06,CBRE,256599000,0.76,336203747,5925101000,428181000,5511829000,4357560000,3780100000,577460000,406911000,466820000,16.394311631511947,0.046554238166677524,0.017060035202582393,0.027348493112688308,0.7905833072832993
2019-12-31,2020-03-02,CBRE,637618000,1.9,334745003,7119407000,609894000,6232693000,3971189000,2999408000,971781000,963477000,1096408000,18.6192264085866,0.1023021669766183,0.039365949513730646,0.06022470735604122,0.6371545975391376
2020-03-31,2020-05-07,CBRE,172195000,0.51,334969826,5889168000,386428000,6129343000,4249143000,3620692000,628451000,-179528000,-117287000,18.298194417069674,0.028093549341258923,0.010981639084648064,0.02159345532159289,0.6932460787395974
2020-06-30,2020-08-04,CBRE,81897000,0.24,335126126,5381384000,248635000,6243994000,4285213000,3071000000,1214213000,115414000,187322000,18.63177328048724,0.013116124070586871,0.005216231877707173,0.01155226894184803,0.6862935806792896
2020-09-30,2020-10-29,CBRE,184132000,0.55,335287245,5645142000,286336000,6553096000,4296246000,2814322000,1481924000,800619000,857016000,19.54472201887668,0.028098474369977183,0.011263910438784282,0.013380595058978054,0.6556055336286848
2020-12-31,2021-02-24,CBRE,313765000,0.94,335397942,6910501000,778169000,7078326000,4096331000,2200143000,1896188000,916430000,992459000,21.10426187409343,0.04432757123647597,0.0173935646499393,0.051539634599242566,0.5787146565444994
2021-03-31,2021-04-29,CBRE,266202000,0.79,335860494,5938879000,391006000,7230370000,3828158000,1917832000,1910326000,-216250000,-186653000,21.527896639132557,0.036817202992377986,0.01543313802617793,0.022898857401067525,0.5294553390767001
2021-06-30,2021-07-30,CBRE,442637000,1.32,335643233,6458613000,492772000,7679521000,4251603000,2108783000,2142820000,403631000,449978000,22.88001140782719,0.0576386209504473,0.023980309834810823,0.02934584454941759,0.5536286703298292
2021-09-30,2021-10-28,CBRE,435743000,1.3,335364942,6798327000,529909999,7962593000,4490284000,1722464000,2767820000,955107000,1000572000,23.743069124977293,0.0547237564446657,0.022084898602965176,0.03221022491595768,0.5639223303263146
2021-12-31,2022-03-01,CBRE,691992000,2.07,334079778,8550217000,710557000,8528193000,4197227000,1766276000,2430951000,1087692000,1176134000,25.52741459257076,0.08114169085995122,0.031349458950557484,0.03790656262603268,0.492159007189448
2022-03-31,2022-05-09,CBRE,392297000,1.18,331925104,7332933000,522864000,8469971000,4264705000,2607369000,1657336000,-423462000,-381406000,25.517717394463784,0.04631621525032376,0.018554329080167423,0.034068821102229314,0.5035088077633324
2022-06-30,2022-08-05,CBRE,487322000,1.5,325415305,7771278000,546929000,8136010000,4189105000,2996322000,1192783000,429662000,484328000,25.00192792099929,0.0598969273636586,0.023843134231030273,0.02771396096922818,0.5148844458155779
2022-09-30,2022-10-27,CBRE,446639000,1.4,319827769,7529546000,542278000,7935827000,4237190000,3112179000,1125011000,694333000,758607000,24.812814174368956,0.05628134282665184,0.02209407415065695,0.027524600420611466,0.5339317502763102
2022-12-31,2023-02-27,CBRE,81112000,0.26,314248642,8194243000,470153000,7853000000,3493000000,2175000000,1318000000,755585000,854729000,24.9897659064506,0.010328791544632624,0.003954175400965242,0.04153512489901707,0.4447981663058704
2023-03-31,2023-04-27,CBRE,117000000,0.38,310464609,7411000000,335000000,7859834000,4813683000,3582358000,1231325000,-790247000,-729963000,25.316360616162857,0.014885810565464869,0.005563455080592353,0.012352516832530492,0.6124407970957148
2023-06-30,2023-07-27,CBRE,201000000,0.65,310857203,7720000000,451000000,8098058000,5376601000,4115427000,1261174000,-79603000,-4875000,26.050733011324173,0.024820765669991498,0.009249005168261262,0.019193030744578496,0.6639370821992137
2023-09-30,2023-10-27,CBRE,190553000,0.62,307854518,7868000000,418000000,7684016000,5766304000,4514203000,1252101000,313076000,389331000,24.959893555955542,0.024798620929472298,0.008786339101609012,0.01910574277136348,0.7504284218044315
2023-12-31,2024-02-20,CBRE,477151000,1.57,304728400,8950000000,708000000,8267000000,4826000000,3561000000,1265000000,785774000,879507000,27.129076252820543,0.05771755171162453,0.02116156643604754,0.03488592702480938,0.5837667835974356
2024-03-31,2024-05-03,CBRE,126000000,0.41,305808212,7935000000,396000000,8261000000,6271000000,5227000000,1044000000,-538000000,-470000000,27.01366306016661,0.015252390751724973,0.005486848981013761,0.017611671002920742,0.7591090666989468
2024-06-30,2024-07-25,CBRE,130000000,0.42,306745116,8391000000,407000000,8356000000,6543000000,5615000000,928000000,227000000,294000000,27.2408575202873,0.015557683101962662,0.005540874605745461,0.014369667217067868,0.7830301579703207
2024-09-30,2024-10-24,CBRE,225000000,0.73,306254000,9036000000,569000000,8692000000,6858000000,5833000000,1025000000,513000000,592000000,28.381670116961736,0.025885872066267832,0.00905614811833367,0.021138399752857584,0.7890013805798435
2024-12-31,2025-02-14,CBRE,487000000,1.59,306254000,10404000000,705000000,8411000000,5694000000,4580000000,1114000000,1290000000,1383000000,27.464131080736905,0.057900368564974436,0.019972931960792355,0.031518997403523055,0.6769706336939721
2025-03-31,2025-04-24,CBRE,163000000,0.54,305859000,8910000000,501000000,8282000000,8863000000,7481000000,1382000000,-610000000,-546000000,27.077836519441966,0.01968123641632456,0.006182204354092392,0.013762498991622043,1.070152137164936
2025-06-30,2025-07-29,CBRE,215000000,0.72,305859000,9753000000,537000000,8253000000,9540000000,8145000000,1395000000,-17000000,57000000,26.98302158837896,0.02605113292136193,0.007763694796518976,0.017247021994552178,1.1559432933478735
