date,filingDate,symbol,netIncome,eps,weightedAverageShsOut,revenue,ebitda,totalStockholdersEquity,totalDebt,netDebt,cashAndCashEquivalents,freeCashFlow,operatingCashFlow,bookValuePerShare,ROE,ROA,ROIC,debtToEquity
2015-09-30,2015-10-27,CINF,174000000,1.06,165500000,1278000000,0,6350000000,861000000,442000000,419000000,283000000,285000000,38.368580060422964,0.027401574803149607,0.009279505093061703,0.0541886605883465,0.13559055118110236
2015-12-31,2016-02-26,CINF,156000000,0.95,165700000,1263000000,190000000,6427000000,856000000,312000000,544000000,306000000,309000000,38.786964393482194,0.024272599968881283,0.008259212198221092,0.024542052068391287,0.13318811264975883
2016-03-31,2016-04-26,CINF,188000000,1.14,166000000,1364000000,0,6735000000,860000000,247000000,613000000,254000000,257000000,40.5722891566265,0.02791388270230141,0.009667300869028643,0.05649459796890117,0.1276911655530809
2016-06-30,2016-07-26,CINF,123000000,0.75,166216216,1371000000,0,6971000000,853000000,306000000,547000000,230000000,234000000,41.939349648051184,0.017644527327499642,0.00610391543843978,0.018226264960901736,0.12236407975900158
2016-09-30,2016-10-25,CINF,180000000,1.09,164600000,1402000000,276000000,7121000000,847000000,147000000,700000000,332000000,334000000,43.26245443499393,0.025277348686982164,0.008799804448790027,0.026038664262205215,0.11894396854374385
2016-12-31,2017-02-24,CINF,100000000,0.61,166500000,1312000000,156000000,7060000000,846000000,69000000,777000000,275000000,279000000,42.4024024024024,0.014164305949008499,0.004905327185323261,0.015561439192032542,0.11983002832861189
2017-03-31,2017-04-26,CINF,201000000,1.22,164600000,1523000000,303000000,7256000000,842000000,299000000,543000000,134000000,136000000,44.08262454434994,0.027701212789415657,0.009685346696863105,0.027858026645181715,0.11604189636163176
2017-06-30,2017-08-02,CINF,100000000,0.61,164300000,1386000000,154000000,7373000000,843000000,237000000,606000000,302000000,309000000,44.87522824102252,0.01356300013563,0.004708541293907148,0.014475197109067016,0.11433609114336091
2017-09-30,2017-10-26,CINF,102000000,0.62,164000000,1412000000,155000000,7523000000,843000000,169000000,674000000,296000000,301000000,45.8719512195122,0.013558420842748903,0.004723971841422749,0.014596862944285213,0.11205636049448359
2017-12-31,2018-02-23,CINF,642000000,3.92,165554118,1411000000,226000000,8243000000,851000000,194000000,657000000,304000000,306000000,49.7903652266747,0.07788426543734077,0.029391567092432357,0.08150105078608907,0.10323911197379594
2018-03-31,2018-04-25,CINF,-31000000,-0.19,164000000,1224000000,-19000000,7946000000,853000000,249000000,604000000,151000000,154000000,48.451219512195124,-0.0039013340045305814,-0.0014438751746623196,-0.002799267846247712,0.10734960986659954
2018-06-30,2018-07-26,CINF,217000000,1.33,163200000,1558000000,291000000,7916000000,889000000,368000000,521000000,304000000,310000000,48.504901960784316,0.027412834765032843,0.009972426470588235,0.027484983831555537,0.11230419403739263
2018-09-30,2018-10-25,CINF,553000000,3.4,162700000,1915000000,648000000,8334000000,860000000,244000000,616000000,357000000,362000000,51.223110018438845,0.06635469162467003,0.024599644128113878,0.06592766473427546,0.10319174466042716
2018-12-31,2019-02-22,CINF,-452000000,-2.78,162589928,710000000,-553000000,7833000000,866000000,82000000,784000000,349000000,355000000,48.17641594625714,-0.05770458317375207,-0.02060633690449054,-0.055828983291708476,0.11055789608068428
2019-03-31,2019-04-24,CINF,695000000,4.26,164600000,2159000000,899000000,8630000000,877000000,75000000,802000000,195000000,200000000,52.430133657351156,0.08053302433371959,0.02976190476190476,0.08103630004895833,0.10162224797219004
2019-06-30,2019-07-30,CINF,428000000,2.62,163300000,1913000000,560000000,9131000000,884000000,81000000,803000000,268000000,276000000,55.91549295774648,0.04687328879640784,0.017586391091753296,0.04760075045674633,0.09681305442996387
2019-09-30,2019-10-24,CINF,248000000,1.51,165600000,1700000000,326000000,9371000000,885000000,98000000,787000000,395000000,404000000,56.58816425120773,0.026464624906626828,0.010023441920620806,0.02743790514410432,0.09444029452566428
2019-12-31,2020-02-25,CINF,626000000,3.84,164936415,2152000000,812000000,9864000000,885000000,118000000,767000000,326000000,328000000,59.80486480199051,0.06346309813463098,0.024637909319899245,0.06375675960647219,0.08972019464720195
2020-03-31,2020-04-27,CINF,-1226000000,-7.56,162200000,-99000000,-1541000000,8042000000,960000000,474000000,486000000,163000000,167000000,49.580764488286064,-0.1524496393931858,-0.052467154534172125,-0.1427767796897092,0.11937329022631187
2020-06-30,2020-07-27,CINF,909000000,5.65,160800000,2714000000,1179000000,9258000000,967000000,261000000,706000000,441000000,447000000,57.57462686567164,0.0981853532080363,0.035717092337917485,0.09666082681797976,0.104450205227911
2020-09-30,2020-10-26,CINF,484000000,3.01,160900000,2227000000,647000000,9745000000,967000000,53000000,914000000,499000000,505000000,60.56556867619639,0.049666495638789124,0.018354190367842246,0.05044371882049983,0.09923037455105183
2020-12-31,2021-02-25,CINF,1049000000,6.52,162099849,2694000000,1349000000,10789000000,899000000,-1000000,900000000,368000000,372000000,66.55774244428815,0.09722865881916767,0.0380872848740106,0.09827211480052699,0.08332560941699879
2021-03-31,2021-04-28,CINF,620000000,3.85,161000000,2227000000,804000000,11138000000,905000000,-42000000,947000000,349000000,354000000,69.18012422360249,0.055665289998204345,0.021898068025288736,0.05682180891011775,0.08125336685221764
2021-06-30,2021-07-28,CINF,703000000,4.36,161100000,2295000000,908000000,11858000000,907000000,-96000000,1003000000,559000000,563000000,73.6064556176288,0.05928487097318266,0.023688378205344206,0.06065979464267607,0.07648844661831675
2021-09-30,2021-10-27,CINF,153000000,0.95,161100000,1785000000,220000000,11841000000,904000000,-181000000,1085000000,598000000,601000000,73.50093109869646,0.012921205979224727,0.00511585916340656,0.014048866432992767,0.07634490330208597
2021-12-31,2022-02-24,CINF,1470000000,9.14,162500000,3323000000,1884000000,13105000000,897000000,-242000000,1139000000,460000000,463000000,80.64615384615385,0.11217092712705075,0.04683467677700959,0.11514797706878278,0.06844715757344524
2022-03-31,2022-04-28,CINF,-273000000,-1.7,160400000,1218000000,-310000000,12092000000,890000000,-97000000,987000000,194000000,198000000,75.38653366583542,-0.022576910353953025,-0.009024793388429752,-0.021937612894261497,0.07360238173999338
2022-06-30,2022-07-27,CINF,-818000000,-5.13,159600000,820000000,-987000000,10553000000,885000000,-213000000,1098000000,553000000,557000000,66.12155388471177,-0.07751350326921255,-0.02802137571937517,-0.07723204035260774,0.08386240879370795
2022-09-30,2022-10-31,CINF,-418000000,-2.63,158000000,1410000000,-539000000,9431000000,887000000,-196000000,1083000000,662000000,666000000,59.68987341772152,-0.04432191708196374,-0.014823220681584454,-0.04416815580136018,0.09405153218110486
2022-12-31,2023-02-23,CINF,1013000000,6.45,157938400,3114000000,1346000000,10531000000,891000000,-373000000,1264000000,628000000,631000000,66.6778946728598,0.09619219447345931,0.0340710345755415,0.10073167190710014,0.08460734972937042
2023-03-31,2023-04-27,CINF,225000000,1.43,157200000,2241000000,322000000,10741000000,895000000,-60000000,955000000,246000000,250000000,68.32697201017811,0.02094777022623592,0.007383343177790904,0.022165876916326523,0.08332557489991621
2023-06-30,2023-07-27,CINF,534000000,3.4,157000000,2605000000,713000000,11030000000,867000000,119000000,748000000,571000000,575000000,70.2547770700637,0.04841341795104261,0.01703240622607808,0.04883159237809879,0.0786038077969175
2023-09-30,2023-10-26,CINF,-99000000,-0.63,156900000,1811000000,-121000000,10624000000,869000000,-30000000,899000000,648000000,650000000,67.7119184193754,-0.009318524096385542,-0.003202328966521106,-0.008524075330758359,0.08179593373493976
2023-12-31,2024-02-26,CINF,1183000000,7.54,157699774,3356000000,1528000000,12098000000,874000000,-33000000,907000000,569000000,577000000,76.7153921222487,0.09778475781120846,0.036101193200891085,0.0989735131571994,0.07224334600760456
2024-03-31,2024-04-25,CINF,755000000,4.82,156800000,2935000000,1000000000,12654000000,873000000,254000000,619000000,346000000,353000000,80.7015306122449,0.059664928085980715,0.02285593194684104,0.059288739976282236,0.0689900426742532
2024-06-30,2024-07-25,CINF,312000000,2.0,156300000,2544000000,442000000,12777000000,874000000,103000000,771000000,737000000,742000000,81.74664107485604,0.024418877670814746,0.008965002011378656,0.025102178740385544,0.06840416373170541
2024-09-30,2024-10-24,CINF,820000000,5.25,156200000,3320000000,1092000000,13804000000,874000000,-878000000,1752000000,906000000,912000000,88.37387964148527,0.05940307157345697,0.022156772676916427,0.06423100727216463,0.06331498116487974
2024-12-31,2025-02-24,CINF,405000000,2.59,156200000,2538000000,507000000,13935000000,875000000,-108000000,983000000,638000000,642000000,89.21254801536492,0.02906350914962325,0.0110955864222898,0.030085459555168226,0.06279153211338356
2025-03-31,2025-04-28,CINF,-90000000,-0.58,156400000,2566000000,-68000000,13718000000,878000000,-132000000,1010000000,307000000,310000000,87.71099744245524,-0.006560723137483598,-0.0024144221482991736,-0.0059516689974974234,0.06400349905233998
2025-06-30,2025-07-28,CINF,685000000,4.38,156300000,3248000000,915000000,14301000000,859000000,-136000000,995000000,737000000,741000000,91.49712092130518,0.04789874833927697,0.01763554914782967,0.04915046765047694,0.0600657296692539
