date,filingDate,symbol,netIncome,eps,weightedAverageShsOut,revenue,ebitda,totalStockholdersEquity,totalDebt,netDebt,cashAndCashEquivalents,freeCashFlow,operatingCashFlow,bookValuePerShare,ROE,ROA,ROIC,debtToEquity
2015-09-30,2015-10-30,CL,726000000,0.81,900100000,3999000000,1248000000,255000000,6790000000,5345000000,1445000000,706000000,885000000,0.2833018553494056,2.847058823529412,0.0535279805352798,0.1381078691423519,26.627450980392158
2015-12-31,2016-02-18,CL,-458000000,-0.51,896500000,3899000000,80000000,-299000000,6548000000,5578000000,970000000,609000000,841000000,-0.33351924149470163,1.5317725752508362,-0.03830071918381,-0.01747944167507856,-21.899665551839465
2016-03-31,2016-04-28,CL,533000000,0.6,893700000,3762000000,973000000,-370000000,6580000000,5566000000,1014000000,500000000,614000000,-0.4140091753384805,-1.4405405405405405,0.0428181233933162,0.11415630066586473,-17.783783783783782
2016-06-30,2016-07-28,CL,600000000,0.67,893900000,3845000000,1053000000,-281000000,6572000000,5487000000,1085000000,572000000,706000000,-0.3143528358876832,-2.1352313167259784,0.04794246903715541,0.12588471408858198,-23.387900355871885
2016-09-30,2016-10-27,CL,702000000,0.79,891900000,3867000000,1185000000,-133000000,6523000000,5225000000,1298000000,853000000,997000000,-0.14911985648615317,-5.2781954887218046,0.055612770339855816,0.15000585779966025,-49.045112781954884
2016-12-31,2017-02-23,CL,606000000,0.69,887600000,3721000000,1069000000,-243000000,6533000000,5218000000,1315000000,623000000,824000000,-0.2737719693555656,-2.493827160493827,0.049987626825043305,0.12906932951696384,-26.88477366255144
2017-03-31,2017-04-28,CL,570000000,0.64,884700000,3762000000,994000000,-313000000,6473000000,5126000000,1347000000,570000000,691000000,-0.35379224595908215,-1.8210862619808306,0.04579048843187661,0.13033508917987488,-20.680511182108628
2017-06-30,2017-07-21,CL,524000000,0.59,883800000,3826000000,970000000,-242000000,6519000000,5278000000,1241000000,506000000,614000000,-0.2738176057931659,-2.165289256198347,0.04165341812400636,0.11441864654104442,-26.93801652892562
2017-09-30,2017-10-27,CL,607000000,0.69,880700000,3974000000,1055000000,-108000000,6527000000,5147000000,1380000000,837000000,990000000,-0.12262972635403656,-5.62037037037037,0.0475146771037182,0.1328636634252828,-60.43518518518518
2017-12-31,2018-02-15,CL,323000000,0.37,878000000,3892000000,1045000000,-60000000,6577000000,5042000000,1535000000,588000000,759000000,-0.0683371298405467,-5.383333333333334,0.02548122436099716,0.07306929947812124,-109.61666666666666
2018-03-31,2018-04-27,CL,634000000,0.72,875400000,4002000000,1088000000,-249000000,6709000000,5858000000,851000000,498000000,616000000,-0.2844413982179575,-2.5461847389558234,0.0482349360925137,0.1254558420719947,-26.943775100401606
2018-06-30,2018-07-27,CL,637000000,0.73,871700000,3886000000,1052000000,-523000000,6865000000,6032000000,833000000,583000000,681000000,-0.5999770563267179,-1.2179732313575526,0.05035573122529644,0.12735609543106366,-13.126195028680689
2018-09-30,2018-10-26,CL,523000000,0.6,868800000,3845000000,983000000,-430000000,6604000000,5763000000,841000000,792000000,897000000,-0.4949355432780847,-1.216279069767442,0.04160369103492165,0.11000809501813373,-15.35813953488372
2018-12-31,2019-02-21,CL,606000000,0.7,866700000,3811000000,995000000,-102000000,6366000000,5640000000,726000000,747000000,862000000,-0.11768778123918311,-5.9411764705882355,0.04983142833648549,0.12127030551157039,-62.411764705882355
2019-03-31,2019-04-26,CL,560000000,0.65,862000000,3884000000,982000000,-552000000,6661000000,5818000000,843000000,534000000,605000000,-0.6403712296983759,-1.0144927536231885,0.04346813630365598,0.11953741539765088,-12.067028985507246
2019-06-30,2019-07-26,CL,586000000,0.68,859400000,3866000000,989000000,-347000000,6645000000,5782000000,863000000,569000000,644000000,-0.4037700721433558,-1.6887608069164266,0.044559349098927836,0.11895761350590933,-19.14985590778098
2019-09-30,2019-11-01,CL,578000000,0.67,858700000,3928000000,959000000,-324000000,8151000000,7203000000,948000000,834000000,914000000,-0.3773145452428089,-1.7839506172839505,0.038466657793158526,0.09516478253275493,-25.15740740740741
2019-12-31,2020-02-21,CL,643000000,0.75,856700000,4015000000,1035000000,117000000,8483000000,7600000000,883000000,861000000,970000000,0.13657056145675264,5.495726495726496,0.042769721963549286,0.09162693500988264,72.5042735042735
2020-03-31,2020-05-01,CL,715000000,0.83,856900000,4097000000,1064000000,-113000000,7846000000,6992000000,854000000,686000000,768000000,-0.1318706966973976,-6.327433628318584,0.04744525547445255,0.11311050310190272,-69.43362831858407
2020-06-30,2020-07-31,CL,635000000,0.74,857400000,3897000000,1059000000,268000000,7392000000,6395000000,997000000,949000000,1026000000,0.3125728947982272,2.3694029850746268,0.04193910573938313,0.10528517957603954,27.582089552238806
2020-09-30,2020-10-30,CL,698000000,0.81,859000000,4153000000,1137000000,653000000,7236000000,6247000000,989000000,872000000,962000000,0.760186263096624,1.0689127105666156,0.045131255657571444,0.11199061792785096,11.081163859111792
2020-12-31,2021-02-18,CL,647000000,0.76,854100000,4324000000,1067000000,743000000,8214000000,7326000000,888000000,802000000,963000000,0.8699215548530617,0.8707940780619112,0.04064070351758794,0.08902189532508069,11.055181695827725
2021-03-31,2021-04-30,CL,681000000,0.8,848600000,4344000000,1123000000,262000000,7833000000,6838000000,995000000,491000000,598000000,0.3087438133396182,2.599236641221374,0.04309853806721094,0.10564233888177552,29.896946564885496
2021-06-30,2021-07-30,CL,703000000,0.83,845600000,4260000000,1115000000,464000000,7966000000,7029000000,937000000,497000000,627000000,0.5487228003784295,1.5150862068965518,0.043940246265391586,0.10148653608705656,17.16810344827586
2021-09-30,2021-10-29,CL,634000000,0.75,843600000,4414000000,1091000000,591000000,7696000000,6738000000,958000000,857000000,994000000,0.7005689900426743,1.0727580372250423,0.03992443324937028,0.10359382670490944,13.021996615905245
2021-12-31,2022-02-17,CL,148000000,0.18,842100000,4403000000,489000000,609000000,7833000000,7001000000,832000000,913000000,1106000000,0.7231920199501247,0.24302134646962234,0.009840425531914894,0.02645803929202966,12.862068965517242
2022-03-31,2022-04-29,CL,559000000,0.67,840600000,4399000000,960000000,321000000,7607000000,6730000000,877000000,264000000,386000000,0.38187009279086365,1.7414330218068537,0.035553011511798,0.08842422993660742,23.697819314641745
2022-06-30,2022-07-29,CL,603000000,0.72,836800000,4484000000,1010000000,168000000,7986000000,7128000000,858000000,350000000,528000000,0.20076481835564053,3.5892857142857144,0.038380752339125454,0.09081059515614244,47.535714285714285
2022-09-30,2022-10-28,CL,618000000,0.74,835700000,4455000000,1066000000,622000000,8248000000,7310000000,938000000,794000000,969000000,0.7442862271149934,0.9935691318327974,0.03794204322200393,0.08983648003545835,13.260450160771704
2022-12-31,2023-02-16,CL,5000000,0.006,832600000,4629000000,322000000,401000000,9271000000,8496000000,775000000,452000000,673000000,0.48162382896949313,0.012468827930174564,0.00031784374801347657,0.006846877224532614,23.119700748129677
2023-03-31,2023-04-28,CL,372000000,0.45,831400000,4770000000,743000000,-6000000,8907000000,8040000000,867000000,572000000,735000000,-0.007216742843396681,-62.0,0.023001298460396957,0.056491195840139306,-1484.5
2023-06-30,2023-07-28,CL,502000000,0.61,829400000,4822000000,1090000000,-64000000,8989000000,8170000000,819000000,538000000,722000000,-0.07716421509524958,-7.84375,0.030936094164047575,0.07018476438597823,-140.453125
2023-09-30,2023-10-27,CL,708000000,0.86,825600000,4915000000,1160000000,-9000000,8724000000,7773000000,951000000,991000000,1152000000,-0.010901162790697675,-78.66666666666667,0.04413139687090943,0.10225178325454463,-969.3333333333334
2023-12-31,2024-02-15,CL,718000000,0.87,823400000,4950000000,1200000000,609000000,9064000000,8098000000,966000000,939000000,1136000000,0.7396162254068497,1.1789819376026272,0.043799182577929606,0.09276355894019842,14.883415435139574
2024-03-31,2024-04-26,CL,683000000,0.83,822800000,5065000000,1175000000,230000000,8689000000,7610000000,1079000000,555000000,681000000,0.27953330092367523,2.9695652173913043,0.04121658318749623,0.09856185235210942,37.778260869565216
2024-06-30,2024-07-26,CL,731000000,0.89,819700000,5058000000,1229000000,123000000,8676000000,7566000000,1110000000,873000000,990000000,0.15005489813346345,5.943089430894309,0.04435679611650485,0.10587633870683207,70.53658536585365
2024-09-30,2024-10-25,CL,737000000,0.9,817700000,5033000000,1192000000,435000000,8436000000,7202000000,1234000000,1033000000,1167000000,0.5319799437446496,1.6942528735632183,0.04393704542744724,0.10738156636275675,19.393103448275863
2024-12-31,2025-02-13,CL,739000000,0.91,817700000,4944000000,1208000000,212000000,8512000000,7416000000,1096000000,1085000000,1269000000,0.2592637886755534,3.4858490566037736,0.046055091611616604,0.1090444080318302,40.15094339622642
2025-03-31,2025-04-25,CL,690000000,0.85,817700000,4911000000,1167000000,363000000,8269000000,7157000000,1112000000,476000000,600000000,0.4439280909869145,1.9008264462809918,0.041448909713461886,0.10322860619320845,22.77961432506887
2025-06-30,2025-08-01,CL,743000000,0.92,807609000,5110000000,1229000000,702000000,8758000000,7543000000,1215000000,776000000,884000000,0.8692325122676939,1.0584045584045585,0.04253005151688609,0.10036403754675428,12.475783475783476
