date,filingDate,symbol,netIncome,eps,weightedAverageShsOut,revenue,ebitda,totalStockholdersEquity,totalDebt,netDebt,cashAndCashEquivalents,freeCashFlow,operatingCashFlow,bookValuePerShare,ROE,ROA,ROIC,debtToEquity
2015-09-30,2015-10-27,CMCSA,1996000000,0.41,4944000000,18669000000,6106000000,51716000000,47757000000,45864000000,1893000000,2498000000,4979000000,10.460355987055015,0.038595405677159876,0.012556776003724254,0.025139136088438242,0.9234472890401423
2015-12-31,2016-02-05,CMCSA,1971000000,0.4,4875352351,19245000000,6162000000,52269000000,52621000000,50326000000,2295000000,1874000000,4965000000,10.721071265603793,0.03770877575618435,0.011832578913876115,0.024237270306036902,1.006734393234996
2016-03-31,2016-04-27,CMCSA,2134000000,0.44,4868000000,18790000000,6516000000,52642000000,55634000000,50006000000,5628000000,2847000000,5110000000,10.813886606409202,0.04053797348125071,0.01250886581984654,0.025975016086063667,1.0568367463242279
2016-06-30,2016-07-27,CMCSA,2028000000,0.42,4839000000,19269000000,6479000000,53098000000,55563000000,50898000000,4665000000,1643000000,4273000000,10.97292829096921,0.038193528946476325,0.011791726022618252,0.024360674888283716,1.046423594109006
2016-09-30,2016-10-26,CMCSA,2237000000,0.47,4776220413,21319000000,6870000000,53481000000,60428000000,57621000000,2807000000,1282000000,4114000000,11.197347562611323,0.04182793889418672,0.012572783885254379,0.02513608371525563,1.1298965987920944
2016-12-31,2017-02-03,CMCSA,2296000000,0.45,4880226156,21025000000,6988000000,53943000000,61046000000,57745000000,3301000000,2647000000,5743000000,11.053381190885942,0.04256344660104184,0.012720221606648199,0.02601974381985179,1.1316760284003484
2017-03-31,2017-04-27,CMCSA,2566000000,0.54,4747000000,20463000000,7162000000,55059000000,61785000000,57763000000,4022000000,3162000000,5656000000,11.598693911944386,0.046604551481138415,0.014061892053332165,0.02799787211977323,1.122159864872228
2017-06-30,2017-07-27,CMCSA,2513000000,0.53,4728000000,21165000000,7172000000,55005000000,63568000000,60875000000,2693000000,2411000000,5158000000,11.633883248730964,0.04568675574947732,0.013729914604629816,0.026173866926217683,1.1556767566584856
2017-09-30,2017-10-26,CMCSA,2650000000,0.56,4698000000,20983000000,7395000000,55427000000,64961000000,60847000000,4114000000,2309000000,5147000000,11.797999148573862,0.04781063380662854,0.014301056119502864,0.027316829734479547,1.172010031212225
2017-12-31,2018-01-31,CMCSA,14985000000,3.23,4644508017,21915000000,6840000000,68616000000,64556000000,61128000000,3428000000,2224000000,5442000000,14.77357768548341,0.21838929695697795,0.07993620040328173,0.14327788745741377,0.940830127084062
2018-03-31,2018-04-25,CMCSA,3118000000,0.68,4617116267,22791000000,7370000000,69482000000,66717000000,60687000000,6030000000,3082000000,5474000000,15.04878716107064,0.044874931636970726,0.01633521238919508,0.0291456859712819,0.960205520854322
2018-06-30,2018-07-26,CMCSA,3216000000,0.7,4598000000,21735000000,7694000000,70694000000,64580000000,58854000000,5726000000,4302000000,7063000000,15.374945628534146,0.04549183806263615,0.01681586212666276,0.029420897554621205,0.9135145839816675
2018-09-30,2018-10-25,CMCSA,2886000000,0.63,4564000000,22135000000,7343000000,71523000000,72884000000,62268000000,10616000000,3141000000,5970000000,15.671121822962315,0.04035065643219664,0.014384329753034117,0.026258263887895428,1.0190288438684059
2018-12-31,2019-01-31,CMCSA,2511000000,0.55,4525962522,27846000000,7394000000,71613000000,111743000000,107929000000,3814000000,2063000000,5790000000,15.8227116667229,0.03506346613045117,0.009976796300122376,0.019673145012449975,1.5603731166129056
2019-03-31,2019-04-25,CMCSA,3553000000,0.78,4538515208,26859000000,9178000000,74959000000,109093000000,105595000000,3498000000,4592000000,7231000000,16.516194518390165,0.04739924492055657,0.013868667272989863,0.025029469151345754,1.4553689350178098
2019-06-30,2019-07-25,CMCSA,3125000000,0.69,4544985368,26858000000,8577000000,76850000000,107613000000,103694000000,3919000000,4246000000,7040000000,16.90874530445793,0.04066363044892648,0.012180624037730702,0.022585045088197104,1.400299284320104
2019-09-30,2019-10-24,CMCSA,3217000000,0.71,4551000000,26827000000,8354000000,78144000000,106051000000,102544000000,3507000000,2072000000,5191000000,17.170731707317074,0.04116758804258804,0.012548074297705696,0.023172991382362867,1.3571227477477477
2019-12-31,2020-01-30,CMCSA,3162000000,0.69,4553034645,28398000000,8351000000,82726000000,107383000000,101883000000,5500000000,2359000000,6235000000,18.169420276836043,0.03822256606145589,0.012003917787209488,0.02208465114491185,1.2980562338321688
2020-03-31,2020-04-30,CMCSA,2147000000,0.47,4562000000,26609000000,7400000000,81506000000,108743000000,100227000000,8516000000,3325000000,5824000000,17.866286716352477,0.026341619021912496,0.008181509863920952,0.017310282233847625,1.3341717174195764
2020-06-30,2020-07-30,CMCSA,2988000000,0.65,4570000000,23715000000,8331000000,83614000000,109977000000,96042000000,13935000000,5966000000,8643000000,18.296280087527354,0.03573564235654316,0.011234011835565348,0.021457784442885566,1.315294089506542
2020-09-30,2020-10-29,CMCSA,2019000000,0.44,4577000000,25532000000,7310000000,86176000000,109591000000,95884000000,13707000000,2289000000,5228000000,18.8280533100284,0.02342879688080208,0.0075072506878857736,0.016068987452464396,1.271711381359079
2020-12-31,2021-02-04,CMCSA,3380000000,0.74,4580656172,27708000000,8712000000,90323000000,108928000000,97188000000,11740000000,1523000000,5042000000,19.71835401052668,0.03742125482988829,0.012341667001376571,0.02266294580283174,1.2059829722219146
2021-03-31,2021-04-29,CMCSA,3329000000,0.73,4591000000,27205000000,8791000000,92575000000,108881000000,93931000000,14950000000,5280000000,7751000000,20.164452189065564,0.03596003240615717,0.01195284925909569,0.021724500641360316,1.1761382662705915
2021-06-30,2021-07-29,CMCSA,3738000000,0.81,4601000000,28546000000,10106000000,94935000000,103751000000,91373000000,12378000000,4791000000,7606000000,20.63355792219083,0.039374308737557276,0.013494389972707976,0.023266434683246302,1.0928635382103544
2021-09-30,2021-10-28,CMCSA,4035000000,0.88,4588000000,30298000000,9693000000,95782000000,102386000000,90580000000,11806000000,3234000000,6100000000,20.876634699215344,0.042126913198722096,0.01456357986147455,0.02537654029760528,1.0689482366206595
2021-12-31,2022-02-02,CMCSA,3057000000,0.67,4533230325,30336000000,8459000000,96092000000,100020000000,91309000000,8711000000,3784000000,7689000000,21.197246358754118,0.03181326229030512,0.011079900690455047,0.01996618693434612,1.0408774924031137
2022-03-31,2022-04-28,CMCSA,3549000000,0.79,4512000000,31010000000,9306000000,94693000000,99731000000,90851000000,8880000000,4760000000,7257000000,20.98692375886525,0.037479011120146156,0.01294905755379934,0.022642937120601874,1.0532035102911514
2022-06-30,2022-07-28,CMCSA,3396000000,0.76,4457000000,30016000000,8938000000,91426000000,98713000000,91891000000,6822000000,3171000000,6327000000,20.512901054520977,0.037144794697350866,0.012717576919620121,0.021481179558680296,1.0797038041694922
2022-09-30,2022-10-27,CMCSA,-4598000000,-1.07,4377000000,29849000000,641000000,80296000000,97623000000,91928000000,5695000000,3385000000,6946000000,18.344985149645876,-0.057263126432200856,-0.018080437894207026,-0.019970794803822568,1.2157890804025107
2022-12-31,2023-02-03,CMCSA,3023000000,0.72,4220119391,30552000000,8117000000,80943000000,99983000000,95234000000,4749000000,1330000000,5883000000,19.180263044837634,0.03734726906588587,0.011750072879214849,0.020639827802603587,1.2352272586882127
2023-03-31,2023-04-27,CMCSA,3834000000,0.91,4208000000,29691000000,10030000000,82421000000,100706000000,95171000000,5535000000,3799000000,7228000000,19.586739543726235,0.04651727108382572,0.014778609947230263,0.025297685723961856,1.2218488006697323
2023-06-30,2023-07-27,CMCSA,4248000000,1.02,4165000000,30513000000,10262000000,84119000000,102669000000,95523000000,7146000000,3423000000,7198000000,20.196638655462184,0.0504998870647535,0.016204648536889608,0.027382862137772263,1.220520928684364
2023-09-30,2023-10-26,CMCSA,4046000000,0.98,4109000000,30115000000,10018000000,82625000000,102503000000,96068000000,6435000000,4030000000,8153000000,20.108298856169384,0.04896822995461422,0.015497640497640498,0.026706498910875422,1.2405809379727686
2023-12-31,2024-01-31,CMCSA,3260000000,0.82,3986525848,31253000000,8591000000,82703000000,97090000000,90875000000,6215000000,1709000000,5922000000,20.745632451246056,0.039418158954330554,0.012310666852963057,0.022749077457761942,1.173959832170538
2024-03-31,2024-04-25,CMCSA,3857000000,0.97,3959000000,30058000000,9658000000,82549000000,96573000000,90058000000,6515000000,4539000000,7848000000,20.850972467794897,0.04672376406740239,0.014631962701203713,0.026177053104966385,1.1698869762201844
2024-06-30,2024-07-23,CMCSA,3929000000,1.01,3905000000,29688000000,9741000000,83219000000,98128000000,92063000000,6065000000,1339000000,4725000000,21.31088348271447,0.047212775928574,0.014964483632000914,0.02624412933593221,1.1791537990122447
2024-09-30,2024-10-31,CMCSA,3629000000,0.94,3861000000,32070000000,9734000000,85774000000,101364000000,92550000000,8814000000,3406000000,7021000000,22.215488215488215,0.04230885816214704,0.01344716549758959,0.024368671560428053,1.1817567094923869
2024-12-31,2025-01-31,CMCSA,4777000000,1.24,3842000000,31915000000,8475000000,85560000000,99093000000,91771000000,7322000000,4166000000,8080000000,22.269651223321187,0.05583216456287985,0.017944412514884808,0.03430700542591531,1.1581697054698457
2025-03-31,2025-04-24,CMCSA,3375000000,0.9,3744297368,29887000000,9392000000,86638000000,99122000000,90529000000,8593000000,6042000000,8294000000,23.138653660480312,0.03895519287148826,0.012604100534040407,0.022956702321213746,1.144093815646714
2025-06-30,2025-07-31,CMCSA,11123000000,2.96,3756000000,30313000000,19907000000,96851000000,101528000000,91841000000,9687000000,5136000000,7815000000,25.785676251331203,0.11484651681448824,0.04061712616395837,0.06294880669384835,1.048290673302289
