date,filingDate,symbol,netIncome,eps,weightedAverageShsOut,revenue,ebitda,totalStockholdersEquity,totalDebt,netDebt,cashAndCashEquivalents,freeCashFlow,operatingCashFlow,bookValuePerShare,ROE,ROA,ROIC,debtToEquity
2015-09-30,2015-10-21,CMG,144883000,0.093,1559350000,1216890000,274427000,2401488000,0,-604162000,604162000,119988000,187433000,1.5400570750633276,0.06033051174938205,0.04914750118897311,0.08231785577005145,0.0
2015-12-31,2016-02-05,CMG,67874000,0.0438,1551350000,997507000,148655000,2127974000,3060000,-244945000,248005000,19175000,94753000,1.371691752344732,0.03189606639930751,0.024907286649204094,0.039159328851577475,0.001437987494208106
2016-03-31,2016-04-27,CMG,-26432000,-0.0177,1494650000,834459000,-5179000,1540254000,0,-250805000,250805000,-1242000,61679000,1.0305114909845114,-0.017160805944993487,-0.012346670901803981,-0.018419683176496747,0.0
2016-06-30,2016-07-22,CMG,25596000,0.0176,1460350000,998383000,84289000,1486043000,0,-189960000,189960000,54195000,117986000,1.0175937275310714,0.017224266054212428,0.01217813302883243,0.02284458791773173,0.0
2016-09-30,2016-10-26,CMG,7799000,0.0054,1453150000,1036982000,68287000,1441020000,0,-154128000,154128000,35867000,101407000,0.9916526167291746,0.005412138624030201,0.003773040875496424,0.017982265491289003,0.0
2016-12-31,2017-02-07,CMG,15975000,0.011,1445150000,1034560000,74577000,1402493000,0,-87880000,87880000,1580000,68170000,0.9704826488599799,0.01139043118218772,0.00788459421855651,0.01424638191487826,0.0
2017-03-31,2017-04-26,CMG,46120000,0.032,1437500000,1068829000,120171000,1407722000,0,-122413000,122413000,93491000,150579000,0.9792848695652174,0.03276215048141608,0.022363792767359336,0.03903391407190562,0.0
2017-06-30,2017-07-26,CMG,66730000,0.0466,1432450000,1169409000,150325000,1450196000,0,-175137000,175137000,36376000,93003000,1.0123885650459004,0.04601446976822443,0.03225929648338378,0.053048662115209595,0.0
2017-09-30,2017-10-25,CMG,19610000,0.0138,1420750000,1128074000,81952000,1387126000,0,-113480000,113480000,83461000,135252000,0.976333626605666,0.014137143994128867,0.00949923390931017,0.019355385270856434,0.0
2017-12-31,2018-02-08,CMG,43793000,0.0314,1395550000,1110100000,107380000,1364445000,0,-184569000,184569000,37000000,88271000,0.9777112966214038,0.03209583383720121,0.021407425946818975,0.039817056239472244,0.0
2018-03-31,2018-04-26,CMG,59446000,0.0426,1395550000,1148397000,147231000,1364045000,0,-231838000,231838000,143592000,201116000,0.9774246712765576,0.043580673658127116,0.028342115450996547,0.05591223913134243,0.0
2018-06-30,2018-07-27,CMG,46884000,0.0338,1390950000,1266520000,164486000,1392007000,0,-225658000,225658000,23321000,94302000,1.0007599122901614,0.033680865110592116,0.02202551697765033,0.06594279077871021,0.0
2018-09-30,2018-10-26,CMG,38204000,0.0274,1390100000,1225007000,119226000,1435837000,0,-343028000,343028000,115585000,197079000,1.032901949500036,0.0266074770325601,0.017125142096902017,0.038478281995773474,0.0
2018-12-31,2019-02-08,CMG,32019000,0.023,1388150000,1225061000,104589000,1441339000,0,-249953000,249953000,51664000,129055000,1.038316464359039,0.022214760025226543,0.014133191614456385,0.03176084917558257,0.0
2019-03-31,2019-04-25,CMG,88132000,0.0636,1384800000,1308217000,209929000,1483799000,2671566000,2393905000,277661000,118355000,182581000,1.0714897458116694,0.059396185062801636,0.019053581875359153,0.02368141413279921,1.800490497702182
2019-06-30,2019-07-24,CMG,91028000,0.0656,1386000000,1434231000,217600000,1538049000,2696022000,2396109000,299913000,40158000,117934000,1.1097034632034632,0.05918407020842639,0.01953681094634889,0.023633964025538367,1.7528843359346808
2019-09-30,2019-10-23,CMG,98582000,0.071,1388750000,1403697000,217002000,1622447000,2809539000,2422974000,386565000,138565000,234528000,1.1682786678667867,0.060761306840839795,0.019964207724804915,0.025298613730222876,1.7316676600221763
2019-12-31,2020-02-05,CMG,72416000,0.0522,1388450000,1440224000,210359000,1683026000,2851513000,2370887000,480626000,90642000,186589000,1.212161763117145,0.04302726161093174,0.014186408975113446,0.019257683581454604,1.6942774502592355
2020-03-31,2020-04-29,CMG,76388000,0.055,1389600000,1410772000,185358000,1672020000,2943136000,2442821000,500315000,104418000,182071000,1.2032383419689119,0.045686056386885325,0.014671694239955993,0.021117253925839054,1.7602277484719082
2020-06-30,2020-07-29,CMG,8175000,0.0058,1395550000,1364738000,109293000,1704496000,3006374000,2400752000,605622000,35060000,122862000,1.221379384472072,0.004796139151983929,0.0015223097992618055,-0.0018875410554306938,1.7637905867775576
2020-09-30,2020-10-28,CMG,80244000,0.0574,1398650000,1601414000,167276000,1805586000,3090955000,2428554000,662401000,162487000,243790000,1.2909491295177493,0.04444208140736581,0.014248780106682955,0.019057543524738717,1.7118846734522752
2020-12-31,2021-02-10,CMG,190959000,0.14,1399600000,1607710000,237689000,2020135000,3157052000,2549065000,607987000,-11470000,115124000,1.4433659617033439,0.09452784096112389,0.031917486113748256,0.04588026452178512,1.5627925856440288
2021-03-31,2021-04-29,CMG,127101000,0.0904,1406250000,1741575000,233653000,2097531000,3249262000,2554486000,694776000,219354000,305973000,1.4915776,0.060595528743079365,0.020669991945109,0.02925271137134225,1.5490889050030727
2021-06-30,2021-07-23,CMG,187974000,0.13,1406700000,1892538000,316838000,2174158000,3348201000,2679932000,668269000,131381000,256885000,1.5455733276462642,0.08645829787899499,0.02974058509088113,0.040042020165649284,1.5399989329202386
2021-09-30,2021-10-27,CMG,204434000,0.15,1407500000,1952315000,313423000,2310908000,3489559000,2768450000,721109000,172357000,280803000,1.6418529307282415,0.08846479392515842,0.030846010308156823,0.04204203435290848,1.5100380456513198
2021-12-31,2022-02-11,CMG,133475000,0.0948,1407500000,1960633000,265113000,2297374000,3520314000,2704940000,815374000,316514000,438420000,1.6322373001776198,0.05809894253177759,0.02006250452806105,0.03166569320353112,1.5323208149826715
2022-03-31,2022-04-28,CMG,158294000,0.11,1402150000,2020539000,271544000,2133960000,3554622000,2938759000,615863000,186740000,282902000,1.5219199087116215,0.07417852255899829,0.024476219206999196,0.03282607288377308,1.6657397514480121
2022-06-30,2022-07-27,CMG,259942000,0.19,1395250000,2213339000,417265000,2154199000,3624353000,3103420000,520933000,186453000,286786000,1.543951979931912,0.12066758920601114,0.0397140803772335,0.0493504136293365,1.682459698477253
2022-09-30,2022-10-26,CMG,257138000,0.19,1388650000,2220175000,421650000,2327381000,3729168000,3362545000,366623000,212895000,351918000,1.6760025924459008,0.11048384428677556,0.03771769361418375,0.04655686619563427,1.602302330387676
2022-12-31,2023-02-09,CMG,223727000,0.16,1384200000,2180599000,387469000,2368023000,3731410000,3347410000,384000000,257927000,401573000,1.7107520589510186,0.09447838977915332,0.032295470345451986,0.04044350952385404,1.575749053113082
2023-03-31,2023-04-27,CMG,291644000,0.21,1388780952,2368580000,458750000,2481685000,3771595000,3361868000,409727000,334667000,455036000,1.7869520721940317,0.11751854083012148,0.04134816652233853,0.050652227688945915,1.5197718485625693
2023-06-30,2023-07-28,CMG,341790000,0.25,1380200000,2514801000,534359000,2766886000,3887992000,3383126000,504866000,445278000,582510000,2.0046993189392843,0.12352876121387003,0.045255602994266085,0.05648453449278333,1.4051869140976534
2023-09-30,2023-10-27,CMG,313217000,0.23,1377500000,2471948000,490342000,2886314000,4018081000,3415774000,602307000,349272000,480472000,2.0953277676950997,0.10851799215192803,0.03959012540363747,0.049514619907899834,1.392114995111412
2023-12-31,2024-02-08,CMG,282086000,0.21,1372000000,2516320000,469057000,3062207000,4051625000,3491016000,560609000,93529000,265459000,2.231929300291545,0.09211852758484322,0.03506629860764595,0.04318183115157066,1.3231061779951518
2024-03-31,2024-04-25,CMG,359287000,0.26,1372200000,2701848000,537225000,3361329000,4157497000,3430103000,727394000,436531000,569234000,2.449591167468299,0.1068883765915208,0.042715059321154325,0.05213652107017936,1.2368610748903186
2024-06-30,2024-07-25,CMG,455671000,0.33,1372800000,2973117000,684372000,3711820000,4278758000,3472230000,806528000,422088000,562578000,2.703831585081585,0.12276214902662305,0.051085137785620474,0.06268693716091694,1.1527385487442818
2024-09-30,2024-10-30,CMG,387388000,0.28,1367038000,2793576000,585567000,3613898000,4483442000,3784895000,698547000,298969000,446494000,2.6435973250194946,0.10719394958020398,0.04298737082028081,0.052218144325450126,1.2406111074523962
2024-12-31,2025-02-05,CMG,331764000,0.24,1361358000,2845310000,513045000,3655546000,4540618000,3792081000,748537000,353885000,526770000,2.6852201992422273,0.09075634665792744,0.03604416769679285,0.04353907670777956,1.2421175933772957
2025-03-31,2025-04-24,CMG,386599000,0.29,1354518000,2875253000,580839000,3490872000,4633079000,3907482000,725597000,412265000,557075000,2.5772060614919847,0.11074568188120332,0.042746017456253775,0.05143418579746527,1.3271981900224357
2025-06-30,2025-07-24,CMG,436127000,0.32,1344955000,3063393000,668357000,3528195000,4780586000,3936062000,844524000,400742000,561327000,2.6232810763185386,0.12361193188018237,0.047053262808516405,0.05842872237652053,1.3549664913645647
