date,filingDate,symbol,netIncome,eps,weightedAverageShsOut,revenue,ebitda,totalStockholdersEquity,totalDebt,netDebt,cashAndCashEquivalents,freeCashFlow,operatingCashFlow,bookValuePerShare,ROE,ROA,ROIC,debtToEquity
2015-09-30,2015-10-29,CMS,148000000,0.53,276000000,1486000000,497000000,3902000000,8823000000,8673000000,150000000,-303000000,158000000,14.13768115942029,0.037929267042542285,0.0076084721365412295,0.017099911740320408,2.261148129164531
2015-12-31,2016-02-11,CMS,106000000,0.39,276000000,1509000000,444000000,3938000000,9473000000,9207000000,266000000,-271000000,220000000,14.268115942028986,0.02691721686135094,0.005211406096361848,0.01257553360377002,2.405535804977146
2016-03-31,2016-04-28,CMS,164000000,0.59,276700000,1801000000,582000000,4109000000,9234000000,9057000000,177000000,197000000,632000000,14.850018070112034,0.03991238744220005,0.008184858012676549,0.018004102750016914,2.2472621075687513
2016-06-30,2016-07-28,CMS,124000000,0.45,278200000,1371000000,467000000,4156000000,9514000000,9129000000,385000000,37000000,469000000,14.938892882818116,0.029836381135707413,0.0060597175389727805,0.014962024223054473,2.2892204042348414
2016-09-30,2016-10-27,CMS,186000000,0.67,278200000,1587000000,574000000,4259000000,9912000000,9573000000,339000000,-311000000,140000000,15.309130122214235,0.04367222352664945,0.008924287496401498,0.018711060432356555,2.32730687954919
2016-12-31,2017-02-07,CMS,77000000,0.28,278000000,1640000000,449000000,4253000000,10034000000,9799000000,235000000,-73000000,388000000,15.298561151079136,0.018104867152598167,0.003561187679215614,0.010519682653370431,2.3592758053138962
2017-03-31,2017-05-01,CMS,199000000,0.71,278900000,1829000000,664000000,4370000000,10045000000,9612000000,433000000,267000000,646000000,15.668698458228755,0.04553775743707094,0.009203163298339732,0.01939491210248528,2.2986270022883297
2017-06-30,2017-07-28,CMS,92000000,0.33,279500000,1449000000,447000000,4449000000,10030000000,9612000000,418000000,52000000,473000000,15.917710196779964,0.02067880422566869,0.0042072529382174055,0.011810783626443966,2.2544391998201845
2017-09-30,2017-10-26,CMS,172000000,0.61,280800000,1527000000,533000000,4535000000,10331000000,10189000000,142000000,-406000000,80000000,16.150284900284902,0.03792723263506064,0.007775768535262206,0.017343872523723262,2.2780595369349506
2017-12-31,2018-02-14,CMS,-3000000,-0.0107,280800000,1778000000,561000000,4441000000,10487000000,10305000000,182000000,12000000,506000000,15.815527065527066,-0.0006755235307363207,-0.0001301518438177874,-0.00020283405608239254,2.3614050889439318
2018-03-31,2018-04-26,CMS,241000000,0.86,281500000,1953000000,671000000,4596000000,10368000000,10173000000,195000000,257000000,708000000,16.32682060390764,0.05243690165361184,0.010538744096554137,0.022763849160825227,2.255874673629243
2018-06-30,2018-07-26,CMS,139000000,0.49,282100000,1492000000,481000000,4672000000,10569000000,10092000000,477000000,231000000,708000000,16.561503013115917,0.029751712328767124,0.005962594371997255,0.01591914813264041,2.2622003424657535
2018-09-30,2018-10-25,CMS,169000000,0.6,282500000,1599000000,522000000,4749000000,11194000000,10871000000,323000000,-597000000,149000000,16.81061946902655,0.0355864392503685,0.007067285576882867,0.016925495366438052,2.357127816382396
2018-12-31,2019-02-05,CMS,108000000,0.38,282600000,1829000000,491000000,4755000000,11777000000,11624000000,153000000,-408000000,138000000,16.825902335456476,0.022712933753943218,0.004402951608300379,0.013045644006020098,2.4767613038906413
2019-03-31,2019-04-25,CMS,213000000,0.75,282800000,2059000000,680000000,4858000000,12122000000,11888000000,234000000,109000000,617000000,17.178217821782177,0.0438452037875669,0.00859113459444198,0.01861621440563607,2.4952655413750513
2019-06-30,2019-07-25,CMS,93000000,0.33,282900000,1445000000,461000000,4851000000,12450000000,12138000000,312000000,56000000,568000000,17.147401908801697,0.0191713048855906,0.003677052032263166,0.011891079160612697,2.5664811379097094
2019-09-30,2019-10-24,CMS,207000000,0.73,283000000,1546000000,597000000,4957000000,13243000000,12840000000,403000000,-443000000,210000000,17.51590106007067,0.04175912850514424,0.007958783498019916,0.01784380879138287,2.671575549727658
2019-12-31,2020-02-06,CMS,167000000,0.59,283000000,1795000000,602000000,5018000000,13293000000,13153000000,140000000,-168000000,395000000,17.731448763250885,0.03328019131127939,0.006222752170510862,0.015288901774604673,2.6490633718612995
2020-03-31,2020-04-27,CMS,243000000,0.86,283300000,1864000000,723000000,5185000000,14337000000,13503000000,834000000,-346000000,201000000,18.30215319449347,0.04686595949855352,0.008853426604000438,0.019600813356164384,2.7650916104146575
2020-06-30,2020-08-03,CMS,136000000,0.48,285500000,1382000000,502000000,5214000000,15225000000,13638000000,1587000000,137000000,595000000,18.262697022767075,0.02608362102032988,0.004758405934012106,0.012522726043525834,2.9200230149597237
2020-09-30,2020-10-29,CMS,218000000,0.76,285600000,1507000000,594000000,5320000000,15135000000,14616000000,519000000,-448000000,348000000,18.627450980392158,0.04097744360902256,0.0074453551912568305,0.015356704479544625,2.844924812030075
2020-12-31,2021-02-11,CMS,158000000,0.55,285700000,1798000000,618000000,5496000000,12423000000,12391000000,32000000,-515000000,132000000,19.236961848092406,0.028748180494905386,0.005325962381177105,0.015493201965298792,2.2603711790393013
2021-03-31,2021-04-29,CMS,349000000,1.21,288600000,2013000000,812000000,5727000000,15118000000,14622000000,496000000,364000000,832000000,19.844074844074843,0.06093940981316571,0.011741748814049725,0.02049830458499189,2.639776497293522
2021-06-30,2021-07-29,CMS,176000000,0.61,289000000,1558000000,544000000,5797000000,12367000000,12214000000,153000000,62000000,535000000,20.058823529411764,0.030360531309297913,0.0058758721997796545,0.014562529247999239,2.133344833534587
2021-09-30,2021-10-28,CMS,189000000,0.64,289100000,1725000000,554000000,6090000000,12660000000,12558000000,102000000,-481000000,116000000,21.065375302663437,0.03103448275862069,0.006194081211286993,0.013934125665969242,2.0788177339901477
2021-12-31,2022-02-10,CMS,639000000,2.2,289100000,2033000000,527000000,6631000000,12502000000,12050000000,452000000,-335000000,336000000,22.93670010377032,0.09636555572311868,0.02222376795464821,0.012563882145117562,1.8853868194842407
2022-03-31,2022-05-03,CMS,353000000,1.22,289300000,2374000000,849000000,6854000000,12473000000,12027000000,446000000,163000000,707000000,23.691669547182855,0.05150277210388095,0.012282533054975644,0.02395390520684955,1.819813247738547
2022-06-30,2022-07-28,CMS,148000000,0.51,289500000,1920000000,533000000,6878000000,12430000000,12353000000,77000000,-248000000,352000000,23.758203799654577,0.02151788310555394,0.005096418732782369,0.013347839825922088,1.8072113986624019
2022-09-30,2022-10-27,CMS,165000000,0.57,289600000,2024000000,555000000,6913000000,13755000000,13587000000,168000000,-869000000,-298000000,23.87085635359116,0.02386807464197888,0.005432635322007112,0.013630662020905925,1.9897294951540576
2022-12-31,2023-02-09,CMS,171000000,0.58,291300000,2278000000,619000000,7015000000,14340000000,14176000000,164000000,-672000000,94000000,24.081702711980775,0.024376336421952957,0.005454023538417376,0.013502707260875723,2.0441910192444763
2023-03-31,2023-04-27,CMS,204000000,0.69,290700000,2284000000,723000000,7080000000,14484000000,13913000000,571000000,452000000,1040000000,24.355005159958722,0.0288135593220339,0.006499713247944944,0.015332892300850231,2.045762711864407
2023-06-30,2023-07-27,CMS,198000000,0.67,290900000,1555000000,654000000,7145000000,15122000000,14733000000,389000000,-718000000,665000000,24.561705053282914,0.027711686494051785,0.006136680613668061,0.01464842585563421,2.116445066480056
2023-09-30,2023-10-26,CMS,176000000,0.6,291000000,1673000000,610000000,7186000000,15467000000,15310000000,157000000,-459000000,199000000,24.694158075601376,0.02449206790982466,0.005413219327653554,0.014544614694786318,2.152379627052602
2023-12-31,2024-02-08,CMS,309000000,1.04,294400000,1950000000,799000000,7544000000,15669000000,15442000000,227000000,1176000000,405000000,25.625,0.04095970307529162,0.009219202195900588,0.016844569496560928,2.0770148462354188
2024-03-31,2024-04-25,CMS,287000000,0.96,296500000,2176000000,866000000,7946000000,15806000000,15004000000,802000000,343000000,956000000,26.799325463743678,0.036118801912912155,0.008465826966756143,0.017778592226090854,1.989176944374528
2024-06-30,2024-07-25,CMS,198000000,0.65,297900000,1607000000,681000000,8003000000,15768000000,15069000000,699000000,26000000,707000000,26.86471970459886,0.024740722229164062,0.005763353223693785,0.014008010797161392,1.9702611520679745
2024-09-30,2024-10-31,CMS,253000000,0.83,298000000,1743000000,724000000,8111000000,16167000000,15755000000,412000000,-551000000,304000000,27.21812080536913,0.031192208112439897,0.0072665651836746415,0.017097444860790206,1.9932190851929479
2024-12-31,2025-02-11,CMS,265000000,0.88,298784865,1989000000,812000000,8230000000,16590000000,16487000000,103000000,-550000000,403000000,27.544902584004713,0.03219927095990279,0.00737750556792873,0.016385483675203302,2.0157958687727824
2025-03-31,2025-04-24,CMS,304000000,1.01,298200000,2447000000,933000000,8335000000,16966000000,16501000000,465000000,231000000,1031000000,27.95103957075788,0.03647270545890822,0.008375809340129494,0.018082307085317672,2.035512897420516
2025-06-30,2025-07-31,CMS,201000000,0.6633,298500000,1838000000,755000000,8394000000,18045000000,17201000000,844000000,1965000000,1110000000,28.12060301507538,0.02394567548248749,0.005331706411310645,0.01342510983686305,2.1497498213009294
