date,filingDate,symbol,netIncome,eps,weightedAverageShsOut,revenue,ebitda,totalStockholdersEquity,totalDebt,netDebt,cashAndCashEquivalents,freeCashFlow,operatingCashFlow,bookValuePerShare,ROE,ROA,ROIC,debtToEquity
2015-09-30,2015-10-27,CNC,93000000,0.39,238243048,5821000000,220000000,2051000000,1281000000,-384000000,1665000000,19000000,62000000,8.608855608663973,0.045343734763529986,0.012701447691887462,0.05919816036792641,0.6245733788395904
2015-12-31,2016-02-22,CNC,111000000,0.47,238972366,6302000000,257000000,2157000000,1221000000,-539000000,1760000000,152000000,201000000,9.026148236737967,0.05146036161335188,0.015124676386428669,0.07273017265441205,0.5660639777468707
2016-03-31,2016-04-26,CNC,-16000000,-0.065,251086152,6953000000,70000000,5297000000,4280000000,844000000,3436000000,150000000,195000000,21.096344652253062,-0.0030205776854823484,-0.0008578168561012224,-0.039895782445855725,0.8080045308665282
2016-06-30,2016-07-26,CNC,170000000,0.5,341118000,10897000000,485000000,5529000000,4494000000,1784000000,2710000000,-469000000,-420000000,16.20846745114594,0.030746970519081207,0.008719737382027082,0.026632285623123853,0.812805208898535
2016-09-30,2016-10-25,CNC,147000000,0.43,341549174,10846000000,453000000,5710000000,4589000000,1607000000,2982000000,363000000,480000000,16.717944104880196,0.02574430823117338,0.007487012325557706,0.024013604915923376,0.803677758318739
2016-12-31,2017-02-21,CNC,265000000,0.77,342287248,11911000000,644000000,5895000000,4655000000,725000000,3930000000,1501000000,1596000000,17.222376920100746,0.04495335029686175,0.013120760508986484,0.04488765105740181,0.7896522476675149
2017-03-31,2017-04-25,CNC,139000000,0.41,344148000,11724000000,367000000,6070000000,4647000000,-192000000,4839000000,1165000000,1248000000,17.63776049839023,0.022899505766062603,0.0065068813781481135,0.02881419921975138,0.7655683690280066
2017-06-30,2017-07-25,CNC,254000000,0.74,344714000,11954000000,570000000,6378000000,4720000000,295000000,4425000000,-404000000,-306000000,18.50229465585964,0.03982439636249608,0.01163003663003663,0.04332558653602118,0.740043900909376
2017-09-30,2017-10-24,CNC,205000000,0.6,345016000,11898000000,482000000,6640000000,4721000000,440000000,4281000000,-23000000,97000000,19.245484267396293,0.030873493975903613,0.009318181818181817,0.034050379536237914,0.7109939759036145
2017-12-31,2018-02-20,CNC,230000000,0.67,345864662,12806000000,331000000,6850000000,4699000000,627000000,4072000000,329000000,450000000,19.805434762803262,0.033576642335766425,0.01052390757263784,0.0415416802002331,0.685985401459854
2018-03-31,2018-04-24,CNC,340000000,0.98,348717949,13194000000,685000000,7503000000,5176000000,-492000000,5668000000,1628000000,1846000000,21.515955864950328,0.045315207250433163,0.013508144616607072,0.05460035927947256,0.6898573903771824
2018-06-30,2018-07-24,CNC,300000000,0.77,391037000,14181000000,665000000,10610000000,6279000000,-428000000,6707000000,-670000000,-526000000,27.132982300907585,0.02827521206409048,0.010437323870159691,0.03432175751533068,0.5918001885014138
2018-09-30,2018-10-23,CNC,19000000,0.0463,410591000,16182000000,260000000,10653000000,6383000000,-464000000,6847000000,421000000,548000000,25.945527300890667,0.0017835351544165962,0.0006098148088712007,0.007917034710635653,0.5991739416126912
2018-12-31,2019-02-19,CNC,241000000,0.59,411068000,16559000000,596000000,10917000000,6686000000,1344000000,5342000000,-820000000,-634000000,26.557649829225333,0.022075661811853074,0.007799100352739394,0.025051534356504205,0.6124393148300815
2019-03-31,2019-04-23,CNC,522000000,1.26,412924000,18444000000,939000000,11540000000,6815000000,470000000,6345000000,1140000000,1316000000,27.947031414981932,0.04523396880415945,0.01555006106824749,0.04945951366561928,0.5905545927209706
2019-06-30,2019-07-23,CNC,495000000,1.2,413370000,18356000000,921000000,12154000000,7134000000,259000000,6875000000,757000000,917000000,29.40223044729903,0.040727332565410564,0.014402932960893854,0.0456830294134183,0.5869672535790686
2019-09-30,2019-10-22,CNC,95000000,0.23,413616000,18976000000,436000000,12311000000,7041000000,826000000,6215000000,-293000000,-99000000,29.764322463347646,0.007716676143286492,0.0027735606679901905,0.011441620722278407,0.571927544472423
2019-12-31,2020-02-18,CNC,209000000,0.5,414044000,18863000000,541000000,12551000000,14509000000,2386000000,12123000000,-851000000,-651000000,30.313203427655033,0.016652059596844872,0.005098307069327218,0.019400971258774033,1.1560035056967572
2020-03-31,2020-04-28,CNC,46000000,0.0845,544436000,26025000000,599000000,23549000000,17279000000,7971000000,9308000000,-417000000,-240000000,43.25393618349999,0.001953373816297932,0.0006924478029835468,0.0034646607509590424,0.7337466559089558
2020-06-30,2020-07-28,CNC,1206000000,2.08,579189000,27712000000,2461000000,25056000000,16814000000,4016000000,12798000000,3479000000,3714000000,43.26049009908682,0.048132183908045974,0.017645251437517374,0.045322801513370516,0.6710568326947637
2020-09-30,2020-10-27,CNC,568000000,0.98,579510000,29090000000,1254000000,25725000000,18063000000,5865000000,12198000000,-1203000000,-952000000,44.3909509758244,0.022079689018464528,0.008308466444327424,0.02214824983967183,0.7021574344023324
2020-12-31,2021-02-22,CNC,-12000000,-0.0214,560878709,28288000000,446000000,25773000000,18317000000,7517000000,10800000000,2775000000,2981000000,45.95111133020384,-0.00046560353858689327,-0.00017462419418210392,0.0007944111128250511,0.7107050013580103
2021-03-31,2021-04-27,CNC,699000000,1.2,581869000,29983000000,1472000000,26342000000,18328000000,8701000000,9627000000,-144000000,43000000,45.27135832979588,0.026535570571710576,0.009945223020559151,0.02348312743933269,0.6957710120719763
2021-06-30,2021-07-27,CNC,-535000000,-0.92,582795019,31025000000,-23000000,25911000000,18313000000,7295000000,11018000000,1435000000,1685000000,44.45988581793284,-0.020647601404808768,-0.007478438334335118,-0.011266191834357057,0.7067654664042299
2021-09-30,2021-10-26,CNC,584000000,1.0,583244000,32406000000,1271000000,26466000000,22699000000,9276000000,13423000000,1577000000,1802000000,45.37723491368964,0.022066047003702863,0.0075119303345638835,0.020093463028245637,0.8576664399607044
2021-12-31,2022-02-22,CNC,599000000,1.03,583420000,32568000000,1234000000,26795000000,22661000000,9543000000,13118000000,427000000,675000000,45.927462205615164,0.0223549169621198,0.00764274322169059,0.02012834033584455,0.8457174846053368
2022-03-31,2022-04-26,CNC,849000000,1.46,583230000,37185000000,1698000000,27169000000,22669000000,11432000000,11237000000,909000000,1151000000,46.58368053769525,0.031248849792042403,0.01024113098756348,0.025148199388598823,0.8343700541057824
2022-06-30,2022-07-26,CNC,-172000000,-0.29,583644000,35936000000,289000000,26289000000,22228000000,8793000000,13435000000,3072000000,3354000000,45.04286859798096,-0.0065426604283160255,-0.0021218850234394275,-0.0015283804819507616,0.845524744189585
2022-09-30,2022-10-25,CNC,738000000,1.29,573961000,35865000000,1539000000,25378000000,21564000000,6577000000,14987000000,3085000000,3332000000,44.21554774627544,0.029080305776656948,0.009091805055930616,0.02703628538583821,0.8497123492789029
2022-12-31,2023-02-21,CNC,-213000000,-0.39,559934000,35561000000,590000000,24057000000,21333000000,9259000000,12074000000,-1809000000,-1576000000,42.963992184793206,-0.00885397181693478,-0.0027709119292311695,-0.03447036361346925,0.8867689238059608
2023-03-31,2023-04-25,CNC,1130000000,2.05,550779000,38889000000,1896000000,25042000000,21641000000,5788000000,15853000000,4044000000,4269000000,45.46651197667304,0.04512419135851769,0.01361741100479622,0.041395580177747075,0.8641881638846738
2023-06-30,2023-07-28,CNC,1058000000,1.93,548932000,37608000000,1921000000,25671000000,21353000000,4183000000,17170000000,2331000000,2546000000,46.76535527169121,0.041213821043200496,0.012769603997441252,0.039858998125388075,0.8317946320751042
2023-09-30,2023-10-24,CNC,469000000,0.87,539535000,38042000000,1277000000,25295000000,19107000000,917000000,18190000000,885000000,1021000000,46.88296403384396,0.018541213678592607,0.005558123274196798,0.022392286532249856,0.7553666732555842
2023-12-31,2024-02-20,CNC,45000000,0.0842,534254000,39460000000,522000000,25840000000,18877000000,1684000000,17193000000,-6000000,217000000,48.36650731674447,0.001741486068111455,0.0005316572346735033,0.01222115244877198,0.7305340557275541
2024-03-31,2024-04-26,CNC,1163000000,2.17,535109000,40407000000,1959000000,26958000000,18000000000,415000000,17585000000,-607000000,-456000000,50.37852101160698,0.04314118258031011,0.014075813323005422,0.047416608588167555,0.6677053193857111
2024-06-30,2024-07-26,CNC,1146000000,2.16,529602000,39836000000,1998000000,27351000000,17628000000,23000000,17605000000,1989000000,2175000000,51.64444243035336,0.04189974772403203,0.013784476225988428,0.04672480656393901,0.6445102555665241
2024-09-30,2024-10-25,CNC,713000000,1.37,521965000,42023000000,1410000000,27307000000,17605000000,3028000000,14577000000,-1131000000,-978000000,52.31576829864071,0.026110521111802835,0.008658061225728892,0.027877982864885364,0.6447064855165342
2024-12-31,2025-02-18,CNC,283000000,0.57,500424000,40805000000,833000000,26410000000,19429000000,5366000000,14063000000,-741000000,-587000000,52.77524659089092,0.010715638015903067,0.0034325914245860877,0.013179431815213699,0.7356683074592957
2025-03-31,2025-04-25,CNC,1311000000,2.64,496214000,46620000000,2231000000,27916000000,18320000000,3505000000,14815000000,1375000000,1510000000,56.25798546594816,0.046962315517982516,0.015061348283626671,0.0458909055832054,0.6562544777188709
2025-06-30,2025-07-25,CNC,-253000000,-0.51,493548000,48742000000,-87000000,27406000000,17577000000,3064000000,14513000000,1577000000,1785000000,55.528540283822444,-0.009231555133912281,-0.0029284102089241273,-0.002877487456565685,0.6413559074655185
