date,filingDate,symbol,netIncome,eps,weightedAverageShsOut,revenue,ebitda,totalStockholdersEquity,totalDebt,netDebt,cashAndCashEquivalents,freeCashFlow,operatingCashFlow,bookValuePerShare,ROE,ROA,ROIC,debtToEquity
2015-09-30,2015-11-05,CNP,-391000000,-0.91,429670329,1630000000,-254000000,4058000000,8649000000,8422000000,227000000,-23000000,396000000,9.444450142611545,-0.09635288319369148,-0.017953898429607863,-0.025754845548152636,2.1313454903893545
2015-12-31,2016-02-26,CNP,-509000000,-1.18,430262000,1791000000,-461000000,3461000000,8814000000,8550000000,264000000,-106000000,347000000,8.04393602037828,-0.14706732158335742,-0.023858629417830693,-0.03662728480962541,2.5466628142155447
2016-03-31,2016-05-10,CNP,154000000,0.36,430000000,1984000000,611000000,3506000000,8478000000,8260000000,218000000,302000000,634000000,8.153488372093022,0.04392470051340559,0.00733193677394782,0.01914201937786843,2.4181403308613807
2016-06-30,2016-08-05,CNP,-2000000,-0.01,431000000,1574000000,406000000,3397000000,8560000000,8289000000,271000000,74000000,424000000,7.8816705336426915,-0.0005887547836326171,-9.518370454978108e-05,-0.0025029950367961664,2.5198704739476008
2016-09-30,2016-11-04,CNP,179000000,0.42,431000000,1889000000,706000000,3472000000,8551000000,8281000000,270000000,29000000,394000000,8.055684454756381,0.051555299539170506,0.008409283096871183,0.021079416047953218,2.462845622119816
2016-12-31,2017-02-28,CNP,101000000,0.23,430682000,2081000000,518000000,3460000000,8592000000,8251000000,341000000,109000000,476000000,8.033769695506198,0.029190751445086704,0.004626872509047597,0.01410776615000564,2.483236994219653
2017-03-31,2017-05-05,CNP,192000000,0.45,431000000,2735000000,623000000,3537000000,8679000000,8425000000,254000000,7000000,319000000,8.206496519721577,0.0542832909245123,0.008754730746431991,0.02131163399818489,2.4537743850720948
2017-06-30,2017-08-03,CNP,135000000,0.31,431000000,2143000000,562000000,3563000000,8701000000,8453000000,248000000,24000000,361000000,8.266821345707656,0.037889419028908224,0.00612383760489907,0.01639993436870902,2.4420432220039294
2017-09-30,2017-11-03,CNP,169000000,0.39,431000000,2098000000,634000000,3618000000,8681000000,8480000000,201000000,6000000,351000000,8.394431554524362,0.046710889994472087,0.007634967246442286,0.01909654178763568,2.3993919292426753
2017-12-31,2018-02-22,CNP,1296000000,3.01,431038000,2638000000,670000000,4688000000,8840000000,8580000000,260000000,-42000000,390000000,10.87607125125859,0.2764505119453925,0.05700211118930331,0.13080738977633763,1.8856655290102389
2018-03-31,2018-05-04,CNP,165000000,0.38,431000000,3155000000,620000000,4857000000,8789000000,8570000000,219000000,122000000,484000000,11.269141531322505,0.033971587399629403,0.007362784471218206,0.017737422905972335,1.8095532221535928
2018-06-30,2018-08-03,CNP,-75000000,-0.17,431523046,2186000000,359000000,4670000000,8282000000,7954000000,328000000,274000000,609000000,10.822133471870236,-0.016059957173447537,-0.003392437126831916,0.0011477056688558589,1.7734475374732335
2018-09-30,2018-11-08,CNP,158000000,0.35,432000000,2212000000,641000000,5508000000,7783000000,7490000000,293000000,162000000,586000000,12.75,0.02868554829339143,0.007108151880511067,0.018320816378817203,1.413035584604212
2018-12-31,2019-02-28,CNP,120000000,0.18,500437000,3036000000,557000000,8058000000,9164000000,4933000000,4231000000,-73000000,457000000,16.101926915875524,0.014892032762472078,0.004442963456625569,0.015106080665279957,1.1372549019607843
2019-03-31,2019-05-09,CNP,169000000,0.28,502000000,2229000000,612000000,8216000000,14161000000,13906000000,255000000,-266000000,271000000,16.366533864541832,0.020569620253164556,0.00498495663972627,0.011940155835301286,1.7235881207400194
2019-06-30,2019-08-07,CNP,195000000,0.33,502000000,1658000000,653000000,8257000000,14609000000,14338000000,271000000,-329000000,303000000,16.448207171314742,0.023616325541964394,0.0057035888736143205,0.012480104085294487,1.769286665859271
2019-09-30,2019-11-07,CNP,270000000,0.48,502000000,1658000000,781000000,8346000000,14882000000,14623000000,259000000,-141000000,512000000,16.625498007968126,0.03235082674335011,0.007794007274406789,0.016189292169961768,1.783129642942727
2019-12-31,2020-02-27,CNP,157000000,0.25,502241000,3230000000,634000000,8359000000,15112000000,14871000000,241000000,-132000000,552000000,16.64340426209728,0.018782150974997008,0.004418925384896845,0.012217291963310044,1.8078717549946166
2020-03-31,2020-05-07,CNP,-1199000000,-2.44,502000000,2167000000,-971000000,6970000000,15256000000,15036000000,220000000,-2000000,662000000,13.884462151394422,-0.1720229555236729,-0.035903578379997005,-0.04282627465236754,2.1888091822094693
2020-06-30,2020-08-06,CNP,105000000,0.11,528000000,1575000000,597000000,8392000000,12886000000,12718000000,168000000,-95000000,519000000,15.893939393939394,0.012511916110581505,0.0032661440836132885,0.01165931069542813,1.5355100095328884
2020-09-30,2020-11-05,CNP,121000000,0.13,545000000,1622000000,618000000,8388000000,13321000000,13136000000,185000000,-353000000,258000000,15.390825688073395,0.014425369575584168,0.003699740100902003,0.015677140987209424,1.5881020505484025
2020-12-31,2021-02-25,CNP,200000000,0.28,548514000,2054000000,678000000,8348000000,13440000000,13293000000,147000000,-151000000,556000000,15.219301603969999,0.023957834211787255,0.005975321920468465,0.013571497962274146,1.6099664590321034
2021-03-31,2021-05-06,CNP,363000000,0.56,552000000,2547000000,782000000,8716000000,15836000000,15690000000,146000000,-2275000000,-1681000000,15.789855072463768,0.04164754474529601,0.01010973096418426,0.016563767891048766,1.8168884809545662
2021-06-30,2021-08-05,CNP,251000000,0.38,586000000,1742000000,639000000,8870000000,16146000000,16010000000,136000000,-184000000,605000000,15.136518771331058,0.02829763246899662,0.006883124005923326,0.013856566769110517,1.820293122886133
2021-09-30,2021-11-04,CNP,218000000,0.32,605000000,1749000000,655000000,8865000000,16492000000,16359000000,133000000,-206000000,559000000,14.652892561983471,0.024591088550479413,0.005866523143164693,0.009813708515959299,1.860349689791314
2021-12-31,2022-02-22,CNP,654000000,0.0,605000000,2314000000,581000000,9415000000,16103000000,15873000000,230000000,-443000000,573000000,15.561983471074381,0.06946362187997876,0.01735714854428196,0.004455030984238048,1.710355815188529
2022-03-31,2022-05-03,CNP,531000000,0.82,629000000,2763000000,1205000000,9951000000,13879000000,13754000000,125000000,-266000000,580000000,15.820349761526233,0.053361471208923726,0.015084370206238281,0.027217944309766453,1.3947341975680836
2022-06-30,2022-08-02,CNP,190000000,0.28,629000000,1944000000,681000000,10023000000,15016000000,14461000000,555000000,-636000000,398000000,15.934817170111288,0.018956400279357476,0.0052462999779103155,0.011258607159978682,1.4981542452359573
2022-09-30,2022-11-01,CNP,202000000,0.3,630000000,1903000000,725000000,9989000000,15588000000,15474000000,114000000,-852000000,347000000,15.855555555555556,0.020222244468915806,0.005501239140499469,0.011341153178867445,1.5605165682250475
2022-12-31,2023-02-17,CNP,134000000,0.0,629535631,2711000000,618000000,10045000000,16856000000,16782000000,74000000,-855000000,485000000,15.956205662328905,0.013339970134395222,0.0034763659004825405,0.00914741083093323,1.6780487804878048
2023-03-31,2023-04-27,CNP,325000000,0.5,630309000,2779000000,872000000,10356000000,16502000000,16388000000,114000000,590000000,1713000000,16.430036696287058,0.03138277327153341,0.008608815426997245,0.016675431571024673,1.593472383159521
2023-06-30,2023-07-27,CNP,118000000,0.17,631057000,1875000000,733000000,10366000000,16966000000,16752000000,214000000,-367000000,769000000,16.42640839100113,0.011383368705382983,0.00309735674725044,0.0077000907112557745,1.6366968936909125
2023-09-30,2023-10-26,CNP,282000000,0.41,631185000,1860000000,907000000,9585000000,18272000000,18152000000,120000000,-477000000,587000000,15.18572209415623,0.029420970266040687,0.007230583831183816,0.015482774427144762,1.9063119457485656
2023-12-31,2024-02-20,CNP,192000000,0.0,631225829,2182000000,677000000,9667000000,18618000000,18528000000,90000000,-270000000,808000000,15.314645814342937,0.019861384090203785,0.0048344454236434594,0.018508464403126576,1.9259335884969484
2024-03-31,2024-04-30,CNP,350000000,0.55,632228000,2620000000,995000000,9998000000,19149000000,18988000000,161000000,-307000000,538000000,15.813915233112105,0.035007001400280055,0.008706684245876763,0.01783007072057345,1.9152830566113224
2024-06-30,2024-07-30,CNP,228000000,0.36,641000000,1905000000,864000000,10354000000,19124000000,19058000000,66000000,-236000000,576000000,16.152886115444616,0.02202047517867491,0.005564232721593128,0.014197035849000565,1.8470156461271006
2024-09-30,2024-10-28,CNP,193000000,0.3,648000000,1856000000,774000000,10535000000,19877000000,19765000000,112000000,-708000000,136000000,16.257716049382715,0.018319886093972473,0.004499568694192525,0.011439348016434297,1.8867584242999524
2024-12-31,2025-02-20,CNP,248000000,0.0,652194000,2262000000,858000000,10666000000,20963000000,20939000000,24000000,-1123000000,889000000,16.354029629220754,0.02325145321582599,0.0056662401754706635,0.014068298415711798,1.9654040877554848
2025-03-31,2025-04-24,CNP,297000000,0.45,652000000,2920000000,979000000,10955000000,22187000000,20933000000,1254000000,-628000000,410000000,16.802147239263803,0.027110908261068007,0.006676257699051387,0.015178123432012042,2.0252852578731173
2025-06-30,2025-07-24,CNP,198000000,0.3,653000000,1944000000,818000000,11019000000,21618000000,21525000000,93000000,-569000000,560000000,16.874425727411946,0.017968962700789546,0.004489897730107259,0.010773374374759524,1.9618840185134767
