date,filingDate,symbol,netIncome,eps,weightedAverageShsOut,revenue,ebitda,totalStockholdersEquity,totalDebt,netDebt,cashAndCashEquivalents,freeCashFlow,operatingCashFlow,bookValuePerShare,ROE,ROA,ROIC,debtToEquity
2015-09-30,2015-10-23,COR,9004000,1.72,212155000,35470378000,577350000,616386000,3493048000,1325606000,2167442000,1085618000,1160114000,2.905356932431477,0.014607729572053875,0.00032199713177943613,0.2597244228115186,5.666981404509512
2015-12-31,2016-02-12,COR,11427000,1.6,206180000,36709046000,-87948000,1300019000,4501729000,3523639000,978090000,660738000,750848000,6.305262392084586,0.00878987153264683,0.0003715396529084171,-0.036689064492974904,3.4628178511237144
2016-03-31,2016-04-29,COR,13345000,2.9,207858000,35698357000,1051043000,2191162000,4488139000,1962852000,2525287000,789836000,879738000,10.541629381597051,0.006090375791475026,0.00041067407941842765,0.2291253271231564,2.0482917283158435
2016-06-30,2016-07-29,COR,14120000,1.62,215688000,36881680000,632795000,1879317000,4407216000,2542014000,1865202000,61206000,191372000,8.713127294981641,0.007513367888440321,0.00044243568616056476,0.12013543193381926,2.345115805369717
2016-09-30,2016-10-28,COR,145685000,0.66,225758313,37560603000,333785000,2129404000,4186703000,1444871000,2741832000,1202101000,1356539000,9.432228526619085,0.06841585720699313,0.004331029228360335,0.048527228803002656,1.96613841243841
2016-12-31,2017-02-10,COR,247246000,1.13,218661000,38169265000,504531000,2116557000,4135333000,2344199000,1791134000,-567637000,-430355000,9.679627368392168,0.11681518617263792,0.007289248424907233,0.06122500632471626,1.953801858395498
2017-03-31,2017-04-28,COR,411473000,1.89,217650000,37147402000,734722000,2529292000,4094061000,1689628000,2404433000,673321000,798739000,11.620914311968757,0.16268307494745565,0.011962463135970557,0.1037622307129072,1.6186588974305853
2017-06-30,2017-07-28,COR,50352000,0.23,218676000,38707144000,269911000,2553514000,3433193000,2121726000,1311467000,-353428000,-244700000,11.677157072563976,0.019718709198383092,0.0014529920202597045,0.013759022590499633,1.3444974259001516
2017-09-30,2017-10-27,COR,-294587000,-1.35,218501000,39120015000,24485000,2064461000,3442055000,1006940000,2435115000,1285485000,1380454000,9.448290854504098,-0.1426943885110932,-0.008341348951353291,-0.06738311556975304,1.6672899124759442
2017-12-31,2018-02-09,COR,861853000,3.95,218323000,40466332000,506107000,2874582000,4286818000,1249071000,3037747000,-63315000,10326000,13.166647581793947,0.2998185475314324,0.023702343494535844,0.23076476017979766,1.4912839501534485
2018-03-31,2018-04-27,COR,287455000,1.31,219200000,41033858000,530703999,3187550000,4530395000,2439036000,2091359000,-182743000,-87568000,14.541742700729927,0.09018054618751078,0.007486639400441695,0.0570846921243961,1.4212780975984691
2018-06-30,2018-07-27,COR,275809000,1.26,218569000,43142309000,536966000,3097821000,4393704000,2004776000,2388928000,743742000,823285000,14.17319473484346,0.08903322690368488,0.007199476308700965,0.06279416042599788,1.4183208132425986
2018-09-30,2018-10-26,COR,233288000,1.08,216851320,43297136000,292932000,2932824000,4310189000,1817673000,2492516000,577293000,665345000,13.524584494113293,0.07954381169821305,0.0061929653108675434,0.058882600302685086,1.4696377961991582
2018-12-31,2019-02-08,COR,393652000,1.86,212054000,45392452000,614926000,3048453000,4321676000,1781520000,2540156000,399735000,478968000,14.375833514104897,0.1291317268135674,0.010024798166172848,0.09034099548204853,1.4176620075822064
2019-03-31,2019-04-26,COR,27135000,0.13,210934000,43319602000,203006000,2921215000,4292473000,1416723000,2875750000,542109000,624364000,13.848952752993828,0.009288943128116211,0.0006991698855278404,0.023656971937835797,1.4694135830467803
2019-06-30,2019-07-26,COR,301959000,1.44,209705000,45239265000,530206000,2989422000,4184702000,1185143000,2999559000,498590000,567869000,14.255368255406404,0.10100915829213808,0.007847465514412216,0.08183863550352494,1.3998364901308682
2019-09-30,2019-11-01,COR,132619000,0.6377,207979000,45637802000,302986000,2878917000,4172892000,798698000,3374194000,593367000,672822000,13.842344659797384,0.046065586468800594,0.0033855577379545278,0.04782639303872652,1.4494658929034772
2019-12-31,2020-02-07,COR,187640000,0.9108,206008000,47864742000,378307000,2954626000,4168603000,935999000,3232604000,75505000,142810000,14.342287678148422,0.06350719177317196,0.004689037872102419,0.05664248118980793,1.4108733220380516
2020-03-31,2020-05-01,COR,960277000,4.6758,205370000,47417639000,413942000,3590590000,4145194000,453256000,3691938000,775820000,852897000,17.483517553683594,0.26744267655176446,0.022840754857576407,0.2766467522161089,1.1544604090135604
2020-06-30,2020-07-31,COR,289439000,1.4212,203654000,45366777000,480424000,3857252000,4140351000,720079000,3420272000,-194618000,-87899000,18.940222141475246,0.0750376174540839,0.0070958839783658145,0.06990966648811016,1.073393960259791
2020-09-30,2020-10-30,COR,-4846072000,-23.7443,204094000,49244768000,-6006362999,-1018924000,4119520000,-478226000,4597746000,1180656000,1299232000,-4.992425059041422,4.756068166026122,-0.1094543333085638,3.216982390168837,-4.043010077297227
2020-12-31,2021-02-05,COR,374845000,1.8313,204683000,52516556000,665211000,-697222000,3700112000,-1190806000,4890918000,837643000,903053000,-3.4063503075487462,-0.5376264661757661,0.008176039802849353,-0.21372222689392503,-5.306935237270195
2021-03-31,2021-04-30,COR,435267000,2.1241,204916000,49154171000,704761000,-281756000,6190997000,-450183000,6641180000,-540105000,-453903000,-1.3749829198305648,-1.5448366671872116,0.009260359655981236,-0.6297786013835357,-21.97290208549241
2021-06-30,2021-07-30,COR,292122000,1.417,206156000,53405695000,754494000,37962000,7102792000,4549575000,2553217000,1085824000,1207619000,0.18414210597799724,7.6951161688003795,0.005222905620603238,0.07035497783859944,187.10268162899743
2021-09-30,2021-09-30,COR,437698000,2.1053,207900000,58912421000,791428000,223354000,6683924000,4136782000,2547142000,845007000,1009817000,1.0743338143338144,1.9596604493315544,0.007633672059821613,0.11090061591806835,29.925248708328482
2021-12-31,2021-12-31,COR,449105000,2.1534,208555000,59628810000,830107000,241546000,6681100000,3512219000,3168881000,783720000,863411000,1.158188487449354,1.859293881910692,0.007800000013894301,0.13109634870236622,27.659741829713596
2022-03-31,2022-03-31,COR,548014000,2.619,209244000,57719446000,960262000,550309000,6456372000,3495613000,2960759000,136933000,266585000,2.6299870008220068,0.9958296157249836,0.00956258352978153,0.14767121498786176,11.73226678102666
2022-06-30,2022-06-30,COR,406964000,1.9483,208885000,60064601000,706823000,224299000,6061697000,3027464000,3034233000,295233000,408622000,1.0737917993154127,1.814381695861328,0.007118036759254222,0.12521431451842016,27.025073673979822
2022-09-30,2022-09-30,COR,294737000,1.4223,207222000,61174149000,615223000,-211559000,5702833000,2314644000,3388189000,990884000,1164470000,-1.0209292449643377,-1.3931669179756,0.005210993458769968,0.16516681917506748,-26.95622970424326
2022-12-31,2022-12-31,COR,479745000,2.3513,204032000,62846832000,826991000,-178131000,5644304000,3952099000,1692205000,634353000,710080000,-0.8730542267879549,-2.69321454435219,0.008284764993348893,0.13909997651892245,-31.686253375324902
2023-03-31,2023-03-31,COR,435402000,2.1521,202316000,63457205000,826529000,281686000,4932811000,3393405000,1539406000,526654000,629508000,1.3923070839676546,1.5456998217873803,0.007409057008177645,0.13296067983858803,17.511736472526145
2023-06-30,2023-06-30,COR,479581000,2.3701,202349000,66947043000,952733000,686018000,5020714000,3631369000,1389345000,640654000,744935000,3.39027126400427,0.6990793244492127,0.007839211852730224,0.12347818079203138,7.318633038783239
2023-09-30,2023-09-30,COR,350565000,1.7412,201338000,68922331000,796755000,522003000,4787457000,2195406000,2592051000,1651314000,1826811000,2.592670037449463,0.671576600134482,0.005603772812197994,0.14974209240639139,9.171320854477848
2023-12-31,2023-12-31,COR,601500000,3.0063,200081000,72252833000,1118548000,911703000,4778723000,1806576000,2972147000,810940000,885157000,4.556669548832723,0.6597543278896746,0.009298148685265736,0.23843274455918384,5.241534798064721
2024-03-31,2024-03-31,COR,420775000,2.1101,199406000,68414307000,821947000,1083142000,5249458000,3180600000,2068858000,-991196000,-878443000,5.431842572440147,0.38847630319939586,0.006588192787360365,0.11503347545976095,4.846509506602089
2024-06-30,2024-07-31,COR,483463000,2.4385,198260000,74241353000,966202000,925209000,4731018000,1320355000,3410663000,2359713000,2477592000,4.666644809845657,0.5225446358606541,0.007240459133855304,0.2375033511946407,5.113458688793559
2024-09-30,2024-11-26,COR,3382000,0.0172,196270000,79050106000,457633999,645938000,4388076000,1255428000,3132648000,818055000,1000379000,3.2910684261476537,0.005235796624443832,5.040113235934958e-05,0.005630603098334785,6.793339298818153
2024-12-31,2025-02-05,COR,488600000,2.5217,193758000,81487060000,961037000,226580000,8148547000,4924287000,3224260000,-2824675000,-2718782000,1.1693968765160665,2.1564127460499605,0.007075589803122221,0.1053033621508479,35.96322270279813
2025-03-31,2025-05-07,COR,717871000,3.7043,193796000,75453673000,1322574000,1012837000,7856207000,5878146000,1978061000,3222178000,3351238000,5.2263049804949535,0.7087724875769744,0.01008332542769059,0.1189434023703036,7.756635075535352
2025-06-30,2025-08-06,COR,687402000,3.55,193794000,80663532000,1269396000,1980193000,8240486000,6008634000,2231852000,-73969000,109247000,10.218030485979957,0.34713888999708614,0.009294629081625306,0.09759991039667322,4.161455979290907
