date,filingDate,symbol,netIncome,eps,weightedAverageShsOut,revenue,ebitda,totalStockholdersEquity,totalDebt,netDebt,cashAndCashEquivalents,freeCashFlow,operatingCashFlow,bookValuePerShare,ROE,ROA,ROIC,debtToEquity
2015-09-30,2015-09-30,CPAY,116770000,1.24,94157000,451493000,231046000,2962571000,3088288000,2665898000,422390000,312748000,326040000,31.46416092271419,0.03941508912360244,0.014093919795856023,0.02289965172798387,1.0424351011334412
2015-12-31,2015-12-31,CPAY,52830000,0.56,94139575,430601000,150247000,2830047000,2935000000,2487848000,447152000,217783000,230132000,30.062245341558,0.018667534496776907,0.006695982131880049,0.01184932480566905,1.0370852498209393
2016-03-31,2016-03-31,CPAY,111090000,1.17,94948717,414262000,209431000,2987769000,2775033000,2375715000,399318000,110884000,122623000,31.46718664982066,0.037181589339738114,0.013865746028061005,0.022849484892172516,0.928797708256562
2016-06-30,2016-06-30,CPAY,116253000,1.22,95279000,417905000,226684000,3082705000,2832076000,2338991000,493085000,76401000,89419000,32.35450623957011,0.03771136063943842,0.014059391140671553,0.023542182888825865,0.91869835096125
2016-09-30,2016-09-30,CPAY,129618000,1.36,95307000,484426000,245102000,3178521000,3936120000,3530685000,405435000,175124000,192244000,33.35034152790456,0.04077934360037263,0.013071530267987649,0.02134144667608172,1.2383495342645212
2016-12-31,2016-12-31,CPAY,95424000,1.0,95235000,514953000,236854000,3084038000,3858233000,3383215000,475018000,284492000,301626000,32.38345146217252,0.030941252993640155,0.009912398101453328,0.01686942167262716,1.251032899075822
2017-03-31,2017-03-31,CPAY,123693000,1.31,94422137,520433000,255361000,3341812000,3868337000,3321777000,546560000,58702000,73498000,35.39225128954664,0.03701375182086844,0.012356999842356917,0.02112749827112029,1.157556738679495
2017-06-30,2017-06-30,CPAY,130987000,1.39,94223000,541237000,278949000,3405500000,3838065000,3273487000,564578000,116441000,134245000,36.142979951816436,0.03846336808104537,0.012966813245795688,0.02206867730482784,1.1270195272353545
2017-09-30,2017-09-30,CPAY,202823000,2.18,93001000,577877000,426002000,3430418000,4536483000,3701727000,834756000,206993000,223852000,36.88581843205987,0.05912486466663829,0.017900947671790336,0.030985885707719988,1.3224286369766016
2017-12-31,2017-12-31,CPAY,282697000,3.05,92548839,609991000,304984000,3676522000,4518616000,3605021000,913595000,227829000,248463000,39.72520930273366,0.07689250873515785,0.024976853976799995,0.0211199797026059,1.2290463650156316
2018-03-31,2018-03-31,CPAY,174937000,1.88,93051595,585500000,331886000,3888052000,4489445000,3509872000,979573000,185488000,200702000,41.783829712967304,0.044993482597454976,0.014961515813816847,0.026850109683670968,1.1546772008193307
2018-06-30,2018-06-30,CPAY,176852000,1.91,92592670,584985000,332935000,3439085000,4748001000,3828339000,919662000,54987000,74387000,37.14208694921531,0.05142414334045248,0.015398341490690618,0.02782446684248898,1.3806000724029792
2018-09-30,2018-09-30,CPAY,157694000,1.71,92081000,619586000,340907000,3562248000,4472926000,3548484000,924442000,258593000,280291000,38.68602643324899,0.04426811384271954,0.013771331311365317,0.025544211362532473,1.2556469959418883
2018-12-31,2018-12-31,CPAY,302000000,3.33,90655054,643422000,502500000,3340180000,4819047000,3787902000,1031145000,322927000,348002000,36.84493972062495,0.0904142890502907,0.02695832359218412,0.04644442299073726,1.4427506900825704
2019-03-31,2019-03-31,CPAY,172107000,1.93,89174611,621825000,335741000,3530967000,4515569000,3458104000,1057465000,282988000,297494000,39.59610207887534,0.04874217176201307,0.014946441202562069,0.028820465138464518,1.278847692430997
2019-06-30,2019-06-30,CPAY,261651000,2.9,90131000,647094000,367697000,3843372000,4608768000,3438429000,1170339000,235058000,252527000,42.642065438084565,0.06807849981734788,0.0218486902359399,0.04006197172438468,1.1991469990414667
2019-09-30,2019-09-30,CPAY,225805000,2.49,90522000,681048000,396608000,3900310000,4472694000,3413932000,1058762000,224408000,241114000,43.086873909104966,0.057894116108719564,0.018952603927718484,0.034721400449307924,1.1467534631862595
2019-12-31,2019-12-31,CPAY,235510000,2.61,90326638,698881000,402031000,3711616000,5036785000,3765291000,1271494000,344447000,370936000,41.091045589452804,0.06345214591164604,0.019227596168392626,0.03518661436036305,1.3570328934889817
2020-03-31,2020-03-31,CPAY,147060000,1.67,88059880,661093000,272454000,2796229000,5159711000,4089030000,1070681000,401776000,420033000,31.753722580589482,0.0525922590746323,0.013002480073208578,0.025781543880595597,1.8452390701906032
2020-06-30,2020-06-30,CPAY,158488000,1.83,86570000,525146000,306202000,2966434000,4447641000,3681852000,765789000,363522000,382135000,34.2663047245004,0.05342711147458531,0.014914107527282415,0.02748998986503614,1.499322418769472
2020-09-30,2020-09-30,CPAY,188817000,2.19,86217808,585283000,330272000,2937750000,4492579000,3703725000,788854000,394379000,412528000,34.073587210660705,0.06427265764615778,0.01701974193435568,0.032220039917919614,1.5292584460896945
2020-12-31,2020-12-31,CPAY,209851000,2.45,85799749,617333000,358202000,3355411000,4303277000,3368377000,934900000,234487000,257893000,39.10746871765324,0.06254107171967906,0.018745769715859794,0.034806808785522454,1.282488791984052
2021-03-31,2021-03-31,CPAY,184239000,2.15,85692558,608623000,329960000,3296499000,4446120000,3487798000,958322000,58324000,77850000,38.468906483104405,0.05588929345951569,0.01612246065928481,0.030446526598200317,1.3487399814166483
2021-06-30,2021-06-30,CPAY,196247000,2.36,83141000,667381000,366422000,3488847000,5078781000,3777574000,1301207000,252353000,278592000,41.963014637784006,0.05624981548345342,0.015064770290790206,0.030575697927309787,1.4557190384101109
2021-09-30,2021-09-30,CPAY,234007000,2.86,81836000,755477000,411392000,3174985000,5691378000,4420378000,1271000000,214409000,243099000,38.796923114521725,0.07370334033074172,0.01739262216632305,0.03371220900475527,1.7925684688274117
2021-12-31,2021-12-31,CPAY,225004000,2.8,80228000,802255000,398936000,2866580000,5977667000,4457640000,1520027000,560447000,597522000,35.7304183078227,0.07849214046006042,0.016785514701499547,0.03289757829866544,2.0852957182426444
2022-03-31,2022-03-31,CPAY,217952000,2.8,77737000,789241000,393502000,2904416000,6343339000,5045113000,1298226000,-143640000,-112253000,37.36207983328402,0.0750415918380838,0.01532562200394574,0.029466706737739653,2.1840325215120697
2022-06-30,2022-06-30,CPAY,262171000,3.42,76769000,861278000,445197000,2687669000,6875653000,5452593000,1423060000,118864000,154106000,35.00982167281064,0.09754586595298752,0.01782237717123781,0.03436879270168316,2.5582216411321483
2022-09-30,2022-09-30,CPAY,248885000,3.34,74461000,893000000,462521000,2227052000,7221210000,5903666000,1317544000,355752000,396754000,29.908972482239026,0.11175536089862294,0.017181042914190946,0.03469998135749199,3.2424972564628036
2022-12-31,2022-12-31,CPAY,225319000,3.07,73484000,883610000,461384000,2541493000,7036894000,5601731000,1435163000,272393000,316190000,34.58566490664634,0.08865615604685907,0.01599225225455418,0.034567558637527564,2.7688032192101257
2023-03-31,2023-03-31,CPAY,214835000,2.92,73521000,901333000,458871000,2881860000,6797616000,5525160000,1272456000,840928000,877665000,39.19778022605786,0.07454734095341203,0.014726908004655632,0.03247010153811052,2.358759967520976
2023-06-30,2023-06-30,CPAY,239702000,3.24,73887000,948174000,498732000,3263436000,6749489000,5495246000,1254243000,179110000,221295000,44.16793211255025,0.07345080461207144,0.015792046896387975,0.03478270144261859,2.068215524986548
2023-09-30,2023-09-30,CPAY,271496000,3.71,73165000,970892000,543129000,3059451000,6983014000,5888780000,1094234000,247434000,285670000,41.81577256885123,0.08874010402519929,0.01778614346639159,0.03757845468965379,2.2824402155811616
2023-12-31,2023-12-31,CPAY,255857000,3.55,72065000,937320000,509484000,3282359000,6722905000,5333257000,1389648000,1160599000,1197263000,45.54720044404357,0.07794912134839607,0.016532232739554772,0.03789286004220113,2.0481930830844526
2024-03-31,2024-03-31,CPAY,229769000,3.2,71769000,935251000,479138000,3254421000,6764054000,5452105000,1311949000,308991000,350184000,45.345776031434184,0.07060211324840886,0.0145146619443642,0.034096585811775784,2.078420093773977
2024-06-30,2024-08-09,CPAY,251625000,3.59,70107000,975710000,513221000,2750705000,7333378000,5975811000,1357567000,496825000,540921000,39.23581097465303,0.09147654873932319,0.015535730327505234,0.03700873299328412,2.6659994437789587
2024-09-30,2024-11-08,CPAY,276397000,3.98,69518000,1029197000,552270000,3087283000,7762744000,6459280000,1303464000,355010000,400788000,44.40983630138957,0.08952758784989909,0.015670175731816206,0.03737403019798232,2.5144257912216017
2024-12-31,2025-02-27,CPAY,245955000,3.52,69946000,1034431000,574615000,3122342000,7996080000,6442438000,1553642000,604563000,648672000,44.639321762502504,0.07877260082335631,0.013696863362323092,0.0320170833708822,2.560923819363798
2025-03-31,2025-05-12,CPAY,243233000,3.46,70316000,1005667000,513621000,3453836000,8171403000,6616568000,1554835000,-118922000,-74151000,49.11877808749075,0.07042401550044645,0.013113860526704544,0.03116183597790347,2.365892011085645
2025-06-30,2025-08-07,CPAY,284168000,4.03,70546000,1102030000,581312000,3928573000,8117700000,5924851000,2192849000,1087611000,1140247000,55.68810421568905,0.07233364379381521,0.013905791890924035,0.035935263484232344,2.0663228098345123
