date,filingDate,symbol,netIncome,eps,weightedAverageShsOut,revenue,ebitda,totalStockholdersEquity,totalDebt,netDebt,cashAndCashEquivalents,freeCashFlow,operatingCashFlow,bookValuePerShare,ROE,ROA,ROIC,debtToEquity
2015-11-01,2015-12-10,CPB,194000000,0.63,310000000,2203000000,389000000,1414000000,4096000000,3833000000,263000000,147000000,218000000,4.561290322580645,0.1371994342291372,0.02336223506743738,0.04058068024934109,2.896746817538897
2016-01-31,2016-03-10,CPB,265000000,0.85,310000000,2201000000,492000000,1526000000,3844000000,3538000000,306000000,427000000,509000000,4.922580645161291,0.17365661861074705,0.03280108924371828,0.055981116132113595,2.5190039318479687
2016-05-01,2016-06-07,CPB,185000000,0.6,309000000,1870000000,344000000,1676000000,3686000000,3303000000,383000000,384000000,456000000,5.423948220064725,0.110381861575179,0.0228932062863507,0.04149092856664659,2.1992840095465396
2016-07-31,2016-09-22,CPB,-81000000,-0.26,308000000,1687000000,43000000,1525000000,3533000000,3237000000,296000000,164000000,280000000,4.951298701298701,-0.05311475409836065,-0.010335587597294884,-0.009682421736180662,2.3167213114754097
2016-10-30,2016-12-07,CPB,292000000,0.95,308000000,2202000000,534000000,1589000000,3588000000,3298000000,290000000,173000000,221000000,5.159090909090909,0.18376337319068597,0.03632292573703197,0.06365014836469718,2.2580239144115795
2017-01-29,2017-03-09,CPB,101000000,0.33,306000000,2171000000,282000000,1470000000,3478000000,3169000000,309000000,375000000,446000000,4.803921568627451,0.06870748299319727,0.013342140026420079,0.02521608129552565,2.3659863945578232
2017-04-30,2017-06-08,CPB,176000000,0.58,304000000,1853000000,378000000,1481000000,3392000000,3079000000,313000000,268000000,344000000,4.871710526315789,0.1188386225523295,0.023620990471077706,0.04259909031838857,2.290344361917623
2017-07-30,2017-09-27,CPB,318000000,1.05,303000000,1664000000,524000000,1637000000,3536000000,3217000000,319000000,137000000,280000000,5.402640264026402,0.19425778863775198,0.04115972042454051,0.06912640468589282,2.160048869883934
2017-10-29,2017-12-08,CPB,275000000,0.91,301000000,2161000000,494000000,1681000000,3461000000,3298000000,163000000,130000000,188000000,5.584717607973422,0.1635930993456276,0.03550219468112574,0.059569563896112364,2.058893515764426
2018-01-28,2018-03-05,CPB,285000000,0.95,301000000,2180000000,322000000,1942000000,3906000000,3710000000,196000000,398000000,472000000,6.451827242524917,0.14675592173017507,0.03418905950095969,0.058071965466236004,2.011328527291452
2018-04-29,2018-06-05,CPB,-393000000,-1.31,301000000,1878000000,263000000,1404000000,9843000000,9644000000,199000000,273000000,364000000,4.664451827242525,-0.2799145299145299,-0.02698063984621722,0.008999912607056355,7.010683760683761
2018-07-29,2018-09-27,CPB,94000000,0.31,301000000,2219000000,417000000,1364000000,9516000000,9467000000,49000000,97000000,281000000,4.53156146179402,0.0689149560117302,0.006469818982724207,0.012796790768749565,6.976539589442815
2018-10-28,2018-12-06,CPB,194000000,0.64,301000000,2202000000,448000000,1406000000,9846000000,9641000000,205000000,120000000,231000000,4.67109634551495,0.1379800853485064,0.013299513265236169,0.02250783631724542,7.002844950213372
2019-01-27,2019-03-06,CPB,-59000000,-0.2,301000000,2172000000,444000000,1269000000,9457000000,9254000000,203000000,528000000,615000000,4.21594684385382,-0.046493301812450746,-0.0042070735881346265,0.02322953952717328,7.4523246650906225
2019-04-28,2019-06-05,CPB,84000000,0.28,301000000,1953000000,353000000,1228000000,9280000000,9078000000,202000000,226000000,302000000,4.079734219269103,0.06840390879478828,0.00610110400929692,0.0187437489737121,7.55700325732899
2019-07-28,2019-09-26,CPB,-8000000,-0.03,301000000,978000000,65000000,1103000000,8474000000,8443000000,31000000,140000000,250000000,3.664451827242525,-0.007252946509519492,-0.000608457560085184,-0.0023373063697364957,7.682683590208522
2019-10-27,2019-12-04,CPB,166000000,0.55,301000000,2183000000,398000000,1239000000,8337000000,8276000000,61000000,84000000,182000000,4.116279069767442,0.13397901533494755,0.012662090007627766,0.023756848502586407,6.728813559322034
2020-01-26,2020-03-04,CPB,1208000000,4.0,302000000,2162000000,431000000,2494000000,5821000000,5763000000,58000000,412000000,481000000,8.258278145695364,0.4843624699278268,0.10365539728848464,0.035531349514493944,2.3340016038492384
2020-04-26,2020-06-03,CPB,168000000,0.56,302000000,2238000000,352000000,2575000000,6695000000,5453000000,1242000000,409000000,462000000,8.526490066225165,0.06524271844660194,0.013209624154741311,0.02589446112916718,2.6
2020-08-02,2020-09-24,CPB,86000000,0.28,302000000,2108000000,254000000,2563000000,6447000000,5588000000,859000000,192000000,271000000,8.486754966887418,0.03355442840421381,0.006951180084060782,0.01646721863150786,2.51541162699961
2020-11-01,2020-12-09,CPB,309000000,1.02,302000000,2340000000,537000000,2769000000,6080000000,5358000000,722000000,106000000,180000000,9.168874172185431,0.11159263271939328,0.024885237980188452,0.043172093750625085,2.195738533766703
2021-01-31,2021-03-10,CPB,245000000,0.81,303000000,2279000000,479000000,2922000000,6021000000,5075000000,946000000,373000000,431000000,9.643564356435643,0.0838466803559206,0.019603136501840295,0.03540412669160157,2.060574948665298
2021-05-02,2021-06-09,CPB,160000000,0.53,303000000,1984000000,351000000,2993000000,5201000000,4992000000,209000000,212000000,270000000,9.877887788778878,0.053458068827263616,0.013640238704177323,0.025820102189321875,1.7377213498162378
2021-08-01,2021-09-23,CPB,288000000,0.95,303000000,1873000000,495000000,3152000000,5292000000,5223000000,69000000,69000000,154000000,10.402640264026402,0.09137055837563451,0.0245440599965911,0.03882827620141053,1.6789340101522843
2021-10-31,2021-12-08,CPB,261000000,0.86,302000000,2236000000,459000000,3235000000,5047000000,4978000000,69000000,219000000,288000000,10.711920529801324,0.08068006182380216,0.021934616354315487,0.03631872814875372,1.5601236476043276
2022-01-30,2022-03-09,CPB,212000000,0.7,302000000,2209000000,406000000,3350000000,5029000000,4672000000,357000000,418000000,478000000,11.092715231788079,0.06328358208955225,0.017679926611625384,0.030815978081935327,1.5011940298507462
2022-05-01,2022-06-08,CPB,188000000,0.62,301000000,2130000000,379000000,3393000000,5026000000,4830000000,196000000,285000000,335000000,11.272425249169435,0.05540819333922782,0.01586899637038913,0.02754768213108773,1.4812849985263778
2022-07-31,2022-09-22,CPB,96000000,0.32,298000000,1987000000,256000000,3331000000,5048000000,4939000000,109000000,17000000,80000000,11.177852348993289,0.02882017412188532,0.008072653884964682,0.015787182587666263,1.515460822575803
2022-10-30,2022-12-07,CPB,297000000,0.99,299000000,2575000000,527000000,3467000000,4852000000,4722000000,130000000,150000000,227000000,11.595317725752508,0.08566483991923854,0.024390243902439025,0.04054594812929164,1.3994808191520045
2023-01-29,2023-03-08,CPB,232000000,0.78,299000000,2485000000,435000000,3599000000,4570000000,4412000000,158000000,427000000,505000000,12.036789297658864,0.06446235065295916,0.019386646611515,0.03323299315899655,1.269797165879411
2023-04-30,2023-06-07,CPB,160000000,0.54,299000000,2229000000,362000000,3586000000,4759000000,4536000000,223000000,84000000,186000000,11.993311036789297,0.044617958728388175,0.01325271266462354,0.024056219574564806,1.327105409927496
2023-07-30,2023-09-21,CPB,169000000,0.57,298000000,2068000000,375000000,3661000000,4967000000,4778000000,189000000,112000000,225000000,12.28523489932886,0.046162250751160885,0.01401559130867474,0.02420929283353741,1.356733133023764
2023-10-29,2023-12-06,CPB,234000000,0.79,298000000,2518000000,454000000,3755000000,4706000000,4615000000,91000000,31000000,174000000,12.600671140939598,0.06231691078561918,0.019091131598270375,0.03228581338883108,1.2532623169107857
2024-01-28,2024-03-06,CPB,203000000,0.68,298000000,2456000000,413000000,3849000000,4520000000,4351000000,169000000,390000000,510000000,12.916107382550335,0.052740971680956095,0.016768544523376838,0.028958239582395826,1.174330995063653
2024-04-28,2024-06-05,CPB,133000000,0.45,298000000,2369000000,354000000,3913000000,7179000000,7072000000,107000000,100000000,213000000,13.130872483221477,0.03398926654740608,0.008725316538739094,0.016498021777948953,1.8346537183746485
2024-07-28,2024-09-19,CPB,-3000000,-0.01,298000000,2293000000,190000000,3794000000,7542000000,7434000000,108000000,147000000,288000000,12.731543624161073,-0.0007907221929362151,-0.00019691499835904167,0.003428927680798005,1.9878755930416447
2024-10-27,2024-12-04,CPB,218000000,0.73,298000000,2772000000,476000000,3842000000,7917000000,7109000000,808000000,115000000,225000000,12.89261744966443,0.05674128058302967,0.013530287984111222,0.02572470711402007,2.0606454971369077
2025-01-26,2025-03-05,CPB,173000000,0.58,298000000,2685000000,437000000,3910000000,7675000000,6846000000,829000000,411000000,512000000,13.120805369127517,0.04424552429667519,0.010873664362036455,0.021293453761990298,1.962915601023018
2025-04-27,2025-06-02,CPB,66000000,0.22,298000000,2475000000,275000000,3870000000,6896000000,6753000000,143000000,50000000,135000000,12.986577181208053,0.017054263565891473,0.004451038575667656,0.012732679964158833,1.7819121447028423
2025-08-03,2025-09-18,CPB,145000000,0.49,298000000,2321000000,370000000,3902000000,7212000000,7080000000,132000000,141000000,271000000,13.093959731543624,0.0371604305484367,0.009734156820622985,0.01894404282105897,1.8482829318298308
