date,filingDate,symbol,netIncome,eps,weightedAverageShsOut,revenue,ebitda,totalStockholdersEquity,totalDebt,netDebt,cashAndCashEquivalents,freeCashFlow,operatingCashFlow,bookValuePerShare,ROE,ROA,ROIC,debtToEquity
2015-10-31,2015-11-24,CPRT,52413000,0.055,961240000,288838000,99046000,1016545000,626723000,153807000,472916000,56427000,76594000,1.0575350588822772,0.05155994077979824,0.02824335421960982,0.04724116467581152,0.6165226330364125
2016-01-31,2016-02-25,CPRT,58963000,0.0625,938448000,299706000,108854000,731400000,675672000,534256000,141416000,-51110000,6486000,0.7793718991355941,0.08061662564943943,0.036751634915767245,0.04685812925965668,0.9238063986874487
2016-04-30,2016-05-26,CPRT,74016000,0.085,884352000,347246000,134876000,716527000,700876000,563223000,137653000,58348000,124418000,0.810228280141844,0.10329827068624071,0.04557256631991799,0.06050563313340157,0.9781571385307183
2016-07-31,2016-09-28,CPRT,84122000,0.0963,876624000,332659000,126338000,774456000,640492000,484643000,155849000,94916000,125000000,0.88345288287795,0.1086207608953898,0.050988592694960665,0.06761434157348181,0.8270218062743396
2016-10-31,2016-11-30,CPRT,167280000,0.19,901744000,345991000,123202000,807407000,744181000,575760000,168421000,36084000,74293000,0.8953838339927962,0.20718175591739976,0.094487335036907,0.12364092024170159,0.9216925292943955
2017-01-31,2017-02-28,CPRT,66066000,0.0725,916568000,349532000,121458000,895703000,712077000,537125000,174952000,27032000,81235000,0.9772357315551056,0.07375882407449791,0.03588123445002583,0.05015362478767981,0.7949923133002792
2017-04-30,2017-05-25,CPRT,90546000,0.0975,919680000,373862000,150165000,1006329000,566906000,377285000,189621000,160001000,192299000,1.0942164665970773,0.08997653848791001,0.04997885947123287,0.068287212320717,0.563340617233529
2017-07-31,2017-09-28,CPRT,70335000,0.0775,921144000,378596000,126054000,1098066000,633038000,422938000,210100000,96763000,144231000,1.1920676897423204,0.06405352683718465,0.035477914008618404,0.048790333111888094,0.5765026874523025
2017-10-31,2017-11-28,CPRT,77515000,0.085,922776000,419168000,135625000,1188331000,583854000,359608000,224246000,51999000,93360000,1.287778399091437,0.06523014210687089,0.03757993280553845,0.05256169262199837,0.49132270385944654
2018-01-31,2018-02-27,CPRT,103256000,0.11,925912000,459106000,168067000,1331168000,512497000,317197000,195300000,23612000,93033000,1.4376830627532637,0.07756797038390346,0.04817076043798556,0.06516704700653607,0.38499798673045027
2018-04-30,2018-05-25,CPRT,127348000,0.14,928040000,478198000,192205000,1460131000,400065000,195790000,204275000,113104000,190804000,1.5733492090858152,0.08721683191439672,0.05881600393128927,0.07846825747890165,0.273992539025608
2018-07-31,2018-10-01,CPRT,109748000,0.12,931980000,449223000,165580000,1581099000,399898000,125378000,274520000,49657000,157872000,1.6964945599690981,0.06941247828251108,0.047557349358538246,0.06653677498479096,0.25292407369810493
2018-10-31,2018-11-29,CPRT,114083000,0.12,935552000,461368000,175306000,1671760000,399641000,79332000,320309000,45347000,107683000,1.7869236557668629,0.0682412547255587,0.04789804970047712,0.06718618779939507,0.23905405082069198
2019-01-31,2019-02-28,CPRT,131373000,0.14,923192000,484898000,190598000,1459953000,492862000,384688000,108174000,33130000,107521000,1.5814185998145565,0.08998440360751339,0.057195661117895605,0.0734779143104129,0.3375875798741466
2019-04-30,2019-05-29,CPRT,192741000,0.21,911936000,553116000,230894000,1618852000,406391000,303565000,102826000,114938000,238292000,1.775181591690645,0.11906029705000827,0.0805853255527408,0.10287465380755827,0.2510365370027649
2019-07-31,2019-09-30,CPRT,153496000,0.17,916816000,542575000,213187000,1778381000,402367000,216048000,186319000,78603000,193150000,1.9397359993717387,0.08631221318716294,0.0602508147810287,0.0788556853119925,0.2262546664634856
2019-10-31,2019-11-25,CPRT,218180000,0.24,924676000,554424000,229812000,1926599000,540887000,359785000,181102000,80665000,212458000,2.0835395316846115,0.11324619186452396,0.07639518911293273,0.09698834376091992,0.28074705737935085
2020-01-31,2020-02-27,CPRT,168707000,0.18,930684000,575140000,233931000,2124729000,519281000,425770000,93511000,-124097000,144462000,2.282975746870044,0.07940165545817843,0.05533908131752063,0.0677007108096442,0.2443986974338845
2020-04-30,2020-05-28,CPRT,147487000,0.16,936532000,550360000,224318000,2281011000,516289000,209902000,306387000,203402000,294048000,2.4355932311976525,0.06465860971297377,0.0466497321120464,0.060931984620451275,0.22634217897239425
2020-07-31,2020-09-28,CPRT,165533000,0.18,939452000,525659000,234164000,2489516000,518622000,40904000,477718000,159861000,264103000,2.6499661504792154,0.06649204102323504,0.04790752420728854,0.06700562414453679,0.20832242090430428
2020-10-31,2020-11-20,CPRT,200285000,0.21,943164000,592940000,280796000,2710833000,525939000,-79793000,605732000,111440000,258533000,2.8741904907311984,0.0738831938374662,0.05353513375965068,0.07767588423850184,0.19401379575945843
2021-01-31,2021-02-24,CPRT,193440000,0.21,944608000,617031000,288693000,2942592000,511814000,-104589000,616403000,-1613000,134508000,3.1151461770385174,0.06573796163382488,0.04916585291215671,0.06971820167710759,0.17393304950193572
2021-04-30,2021-05-24,CPRT,286796000,0.3,945584000,733910000,360847000,3249377000,530126000,-381764000,911890000,287983000,369164000,3.4363705392646238,0.08826184219313425,0.06697795815267171,0.10142664737514548,0.16314696632616038
2021-07-31,2021-09-27,CPRT,255974000,0.27,946716000,748630000,333728000,3529201000,518069000,-530191000,1048260000,130085000,228686000,3.7278349578965604,0.07253029793429164,0.05610828069177139,0.08678563637525555,0.1467949827737213
2021-10-31,2021-11-19,CPRT,260363000,0.28,948272000,810132000,362170000,3793821000,533396000,-764977000,1298373000,247844000,312540000,4.000772984966339,0.0686281719669958,0.052931659663677626,0.08730853496575122,0.14059598489227615
2022-01-31,2022-03-03,CPRT,287412000,0.31,948744000,867460000,380906000,4089856000,525414000,-446237000,971651000,42504000,134008000,4.310810924759472,0.07027435684777165,0.05594986602960975,0.07990320391889838,0.12846760374937405
2022-04-30,2022-05-25,CPRT,278620000,0.29,950020000,939941000,409461000,4353054000,525030000,-929788000,1454818000,338696000,417306000,4.5820656407233535,0.0640056383403468,0.051180464500096806,0.08237928703640254,0.12061187387062049
2022-07-31,2022-09-27,CPRT,263735000,0.28,951364000,883388000,342457000,4625599000,119473000,-1264763000,1384236000,210191000,312829000,4.862070669060422,0.05701639938957095,0.04967823624790539,0.07915984311373445,0.02582865484016232
2022-10-31,2022-11-18,CPRT,245848000,0.26,952198000,893372000,350830000,4852834000,115722000,-1423669000,1539391000,158904000,311559000,5.096454728953432,0.05066070671281977,0.04395105402045917,0.07132689224064234,0.02384627209585162
2023-01-31,2023-02-24,CPRT,293677000,0.31,952752000,956724000,404292000,5213652000,110076000,-1550876000,1660952000,84210000,188274000,5.472202629855408,0.056328462275579576,0.04950384397027312,0.07771711556764095,0.02111303170982643
2023-04-30,2023-05-25,CPRT,350431000,0.37,953574000,1021831000,456150000,5592422000,129284000,-1984899000,2114183000,415995000,505800000,5.864696394826201,0.06266175907326021,0.05518767899171707,0.0923956994687957,0.023117711789274843
2023-07-31,2023-09-28,CPRT,347785000,0.36,955773000,997591000,428117000,5987440000,120453000,-836942000,957395000,188465000,358577000,6.264500043420352,0.05808575952326871,0.051616391449000494,0.06225331754600103,0.020117612869607043
2023-10-31,2023-11-21,CPRT,332527000,0.35,958127000,1020416000,439740000,6411417000,132863000,-2448704000,2581567000,212986000,375246000,6.691614994671896,0.051864821770288845,0.045341792083925005,0.07861578414980781,0.02072287608183963
2024-01-31,2024-02-27,CPRT,325635000,0.34,960525000,1020149000,425035000,6787600000,115552000,-1141396000,1256948000,38764000,161793000,7.066552145961844,0.04797498379397725,0.04285505598458647,0.053323543276709164,0.017023984913666097
2024-04-30,2024-05-23,CPRT,382291000,0.4,961813000,1127259000,487896000,7171253000,112033000,-977962000,1089995000,408489000,496304000,7.455974290220656,0.05330881507039286,0.04772295119785805,0.057135365655905865,0.015622513945610341
2024-07-31,2024-09-30,CPRT,322567000,0.33,962515000,1068999000,410622000,7524011000,118733000,-1395378000,1514111000,301335000,439221000,7.817032461831763,0.04287168107542639,0.03827432756778666,0.046277497624268436,0.015780545775384965
2024-10-31,2024-11-26,CPRT,362086000,0.38,963176000,1146829000,461229000,7896312000,116871000,-3581247000,3698118000,245516000,482274000,8.19820261302192,0.04585507766157163,0.04082378157834833,0.07536458633033369,0.014800706962946752
2025-01-31,2025-02-26,CPRT,387400000,0.4,964746000,1163316000,480471000,8301257000,119397000,-3219512000,3338909000,61486000,178127000,8.604603698797403,0.04666763117922985,0.042166688599004694,0.07001297385541788,0.014383002477817515
2025-04-30,2025-06-03,CPRT,406609000,0.42,966234000,1211716000,506065000,8781193000,101060000,-2265439000,2366499000,572923000,700873000,9.08806044912516,0.04630452832547924,0.042038840713126725,0.05586694903405849,0.0115086868037179
2025-07-31,2025-09-04,CPRT,396354000,0.41,967100000,1125097000,532015000,9187033000,103739000,-2676792000,2780531000,350835000,438476000,9.49956881397994,0.043142764372349596,0.03927835192532838,0.060720947196885644,0.01129189369407947
