date,filingDate,symbol,netIncome,eps,weightedAverageShsOut,revenue,ebitda,totalStockholdersEquity,totalDebt,netDebt,cashAndCashEquivalents,freeCashFlow,operatingCashFlow,bookValuePerShare,ROE,ROA,ROIC,debtToEquity
2015-09-26,2015-11-04,CRL,37379000,0.81,46290000,349465000,80821000,704359000,852399000,778367000,74032000,77499000,87951000,15.216223806437675,0.0530681087343244,0.018387548866292184,0.02741357400436058,1.210176912625522
2015-12-26,2016-02-12,CRL,31884000,0.69,46269000,353850000,79364000,733067000,863030000,745083000,117947000,73484000,101728000,15.843588579826665,0.04349397804020642,0.015414090520798434,0.02422309321681707,1.1772866600187977
2016-03-26,2016-05-04,CRL,37143000,0.8,46642000,354868000,80416000,779824000,861863000,704488000,157375000,29800000,38050000,16.719351657304575,0.0476299780463284,0.01765588353572104,0.027382662570924966,1.1052019430025237
2016-06-25,2016-08-03,CRL,35207000,0.75,47061000,434055000,95652000,831348000,1364992000,1210407000,154585000,65894000,77685000,17.66532797858099,0.04234929295553727,0.012742369037566951,0.02026061766043861,1.6419020674855775
2016-09-24,2016-11-02,CRL,37735000,0.8,47160000,425720000,94443000,867969000,1259159000,1153437000,105722000,59386000,68954000,18.404770992366412,0.04347505498468263,0.014026890293994105,0.021124424335830377,1.450695819781582
2016-12-31,2017-02-14,CRL,44680000,0.95,47194000,466789000,106777000,836768000,1235009000,1117383000,117626000,87951000,113630000,17.730389456286815,0.053395923362270066,0.016476141308356073,0.025899055378347725,1.4759276167348656
2017-04-01,2017-05-10,CRL,46778000,0.98,47546000,445763000,117441000,876431000,1197371000,1065847000,131524000,17636000,33556000,18.433327724729736,0.05337328323621597,0.01734397449088364,0.026342707268996377,1.3661896943398852
2017-07-01,2017-08-09,CRL,53952000,1.13,47591000,469129000,116118000,963496000,1143503000,1027037000,116466000,83803000,99800000,20.245340505557774,0.055996080938582,0.01945152693332718,0.030110105667991858,1.186826930262295
2017-09-30,2017-11-09,CRL,52474000,1.11,47451000,464232000,114071000,1021513000,1183088000,1059470000,123618000,36982000,58993000,21.527744410022972,0.0513689008363085,0.018309665524275293,0.028142698269177504,1.1581722405882255
2017-12-30,2018-02-13,CRL,-29849000,-0.64,46747311,478477000,110261000,1045080000,1145103000,981309000,163794000,95413000,123916000,22.355938291295516,-0.028561449841160484,-0.010187643220536247,-0.01593610549309795,1.095708462510047
2018-03-31,2018-05-10,CRL,52631000,1.1,47785000,493970000,107441000,1139826000,1132718000,944944000,187774000,31689000,59415000,23.85321753688396,0.046174591560466244,0.017537803194465316,0.030086893509707786,0.9937639604641411
2018-06-30,2018-08-08,CRL,53709000,1.11,48198000,585301000,132327000,1181966000,1827797000,1635497000,192300000,103295000,124508000,24.523133739989213,0.045440393378489735,0.013893074363605934,0.02373333449257494,1.5464040420790446
2018-09-29,2018-11-07,CRL,60368000,1.25,48310000,585295000,134094000,1253106000,1684384000,1545518000,138866000,94805000,117244000,25.93885323949493,0.0481746955165804,0.01590030387259107,0.026866530097150603,1.3441672133083713
2018-12-29,2019-02-13,CRL,59665000,1.24,48143000,601530000,133370000,1317332000,1668014000,1472572000,195442000,71297000,139973000,27.362898032943523,0.04529230292743211,0.015473773943632568,0.026390299473630592,1.2662062410994344
2019-03-30,2019-05-07,CRL,55133000,1.14,48458000,604569000,121635000,1398114000,1699454000,1573138000,126316000,-1872000,14859000,28.852078088241363,0.03943383729795997,0.01404076821972594,0.021565906522675735,1.2155332111687602
2019-06-29,2019-07-31,CRL,43728000,0.9,48772000,657568000,128975000,1455066000,2202059000,2001470000,200589000,104772000,129553000,29.83404412367752,0.03005224505280173,0.009453713384372316,0.017346174433253238,1.5133739637927077
2019-09-28,2019-11-06,CRL,72810000,1.49,48818000,667951000,130691000,1532313000,2053104000,1888345000,164759000,120684000,155847000,31.388278913515506,0.04751640167511468,0.015888492070592827,0.023175267440400202,1.3398724673092246
2019-12-28,2020-02-11,CRL,80348000,1.64,48875000,691138000,181760000,1634584000,2004463000,1766449000,238014000,116838000,180677000,33.44417391304348,0.04915501436451109,0.017121584387965367,0.02913595300304032,1.2262832622856947
2020-03-28,2020-05-07,CRL,50769000,1.03,49189000,707059000,127786000,1651984000,2530346000,2157913000,372433000,42869000,68590000,33.5844192807335,0.030732137841528732,0.009759909569590467,0.01696851738181541,1.5317012755571482
2020-06-27,2020-08-05,CRL,67435000,1.36,49553000,682584000,160512000,1752641000,2432668000,2030648000,402020000,135506000,162306000,35.36901903012936,0.03847621960230304,0.012867104099232115,0.02200897991617015,1.388001307740718
2020-09-26,2020-10-29,CRL,102909000,2.07,49703000,743300000,213723000,1896940000,2187555000,1944676000,242879000,151115000,177300000,38.16550308834477,0.05425000263582401,0.019739560335431925,0.030435680937425352,1.1532019990089302
2020-12-26,2021-02-17,CRL,143191000,2.88,49754000,790990000,266450000,2114602000,2135380000,1906956000,228424000,50525000,138379000,42.50114563653174,0.06771534312367056,0.026078202006217275,0.04274681084682062,1.0098259625215524
2021-03-27,2021-05-04,CRL,61530000,1.23,49980000,824566000,157529000,2183927000,2404149000,1938738000,465411000,142199000,170229000,43.69601840736294,0.02817401863706983,0.010592252007802425,0.022459506984631172,1.1008376195724492
2021-06-26,2021-08-04,CRL,88448000,1.76,50297000,914607000,211791000,2318440000,2969745000,2746776000,222969000,140159000,186590000,46.09499572539118,0.038149790376287504,0.013161215364909457,0.020005845190147014,1.2809238108383223
2021-09-25,2021-11-03,CRL,103426000,2.05,50425000,895937000,208411000,2426566000,3170694000,2958155000,212539000,119186000,174722000,48.12228061477442,0.042622372521497455,0.014652819030615417,0.022136041680441892,1.3066588751346553
2021-12-25,2022-02-16,CRL,137578000,2.73,50471000,905050000,242429000,2534820000,2919331000,2678117000,241214000,130483000,229258000,50.22329654653167,0.054275254258685034,0.019586030876848515,0.028715616156148083,1.151691638854041
2022-03-26,2022-05-04,CRL,93022000,1.84,50640000,913929000,195579000,2610184000,2980921000,2739052000,241869000,22166000,102630000,51.54391785150079,0.03563810060899921,0.013147894806099576,0.01931688867771515,1.1420348144038888
2022-06-25,2022-08-03,CRL,109321000,2.15,50823000,973131000,224237000,2647706000,3414297000,3208179000,206118000,66622000,149474000,52.09660980264841,0.04128894975499545,0.014519293204297151,0.019383496110909098,1.2895302575134853
2022-09-24,2022-11-02,CRL,96473000,1.9,50870000,989157000,209087000,2626853000,3352599000,3158898000,193701000,60386000,132779000,51.63854924316886,0.03672569420519534,0.013067319321517442,0.018429980822879496,1.2762796395534886
2022-12-31,2023-02-22,CRL,187410000,3.68,50906000,1099843000,357245000,2976293000,3097276000,2863364000,233912000,145733000,234757000,58.466447962912035,0.06296759089242894,0.024650226167567874,0.036981490577275615,1.0406488877271156
2023-04-01,2023-05-11,CRL,103131000,2.01,51308955,1029373000,242490000,3108597000,3165973000,2964386000,201587000,2508000,109383000,60.58585679634286,0.033176059810905045,0.013394612256815075,0.021608398619552823,1.01845720111034
2023-07-01,2023-08-09,CRL,97020000,1.89,51216000,1059937000,241379000,3251703000,3080100000,2879655000,200445000,80739000,148122000,63.48998359887535,0.029836673275511323,0.012482661362071674,0.020636231771014247,0.9472267301164958
2023-09-30,2023-11-08,CRL,87389000,1.7,51283000,1026623000,225485000,3305993000,2904654000,2747480000,157174000,139503000,205450000,64.46567088508863,0.026433510294788888,0.01148796103382053,0.01888730637460196,0.8786025862728687
2023-12-30,2024-02-14,CRL,187084000,3.65,51311000,1013476000,322764000,3596882000,3066381000,2789610000,276771000,142620000,220943000,70.09962776012941,0.05201282666487252,0.022829039313112958,0.03434139807590343,0.8525108691361017
2024-03-30,2024-05-09,CRL,67329000,1.31,51437000,1011560000,219369000,3640435000,3081141000,2743775000,337366000,50744000,129888000,70.7746369345024,0.018494767795606843,0.0082584069758756,0.01579080998383484,0.8463661622855511
2024-06-29,2024-08-07,CRL,89988000,1.75,51551000,1026117000,238504000,3722729000,2841180000,2661642000,179538000,154049000,193535000,72.21448662489574,0.024172589516991434,0.011321690483340868,0.018807799682342,0.7631981806894889
2024-09-28,2024-11-06,CRL,68679000,1.34,51394000,1009763000,209723000,3782273000,2759489000,2549318000,210171000,213071000,251792000,73.5936685216173,0.01815812872312496,0.00858075409284691,0.014787241831886564,0.7295848290168372
2024-12-28,2025-02-19,CRL,-215699000,-4.22,51138000,1002549000,-86453000,3461503000,2723994000,2529388000,194606000,83746000,159362000,67.68944815988111,-0.062313682813506154,-0.02865158278479533,-0.03103201819008851,0.786939661759646
2025-03-29,2025-05-07,CRL,25469000,0.5,50677000,984168000,184226000,3194336000,2985865000,2756509000,229356000,112373000,171697000,63.03324979773862,0.00797317501978502,0.0033589779232498142,0.007718938274569987,0.9347372975166044
2025-06-28,2025-08-06,CRL,52326000,1.06,49149000,1032135000,220892000,3353321000,2786038000,2603214000,182824000,169305000,204603000,68.22765468269955,0.015604232341610003,0.006920929641976868,0.012558137929558143,0.8308294970866195
