date,filingDate,symbol,netIncome,eps,weightedAverageShsOut,revenue,ebitda,totalStockholdersEquity,totalDebt,netDebt,cashAndCashEquivalents,freeCashFlow,operatingCashFlow,bookValuePerShare,ROE,ROA,ROIC,debtToEquity
2015-09-30,2015-10-29,CSGP,-5362000,-0.017,315411764,189078000,22131000,1509958000,370000000,-5509000,375509000,32737000,42760000,4.787259615338888,-0.0035510921495829685,-0.0025646470907852545,-0.0005037911237440295,0.24503992826290533
2015-12-31,2016-02-26,CSGP,22990000,0.072,319990000,193009000,55111000,1543780000,355112000,-66706000,421818000,54421000,61529000,4.824463264477015,0.014892018292761922,0.011055164743112883,0.016665571415234528,0.23002759460544897
2016-03-31,2016-04-28,CSGP,16721000,0.052,320850000,199739000,47906000,1565476000,350923000,-110797000,461720000,44132000,47926000,4.879152251831074,0.010681096356635299,0.007939647096195513,0.012529215018294317,0.224163768719546
2016-06-30,2016-07-28,CSGP,15576000,0.048,321860000,206869000,45718000,1585941000,336722000,-127429000,464151000,30838000,34438000,4.927424967377121,0.009821298522454492,0.007391680278507276,0.011694668797736263,0.2123168516357166
2016-09-30,2016-10-27,CSGP,23201000,0.072,321860000,212711000,58020000,1618698000,337519000,-184580000,522099000,57070000,61368000,5.029199030634437,0.014333124523536817,0.010778193866264173,0.017257220128719494,0.2085126441127375
2016-12-31,2017-02-24,CSGP,29573000,0.092,322130000,218311000,65199000,1654213000,338339000,-228884000,567223000,45138000,52212000,5.1352342222084255,0.01787738338412284,0.013534163545856572,0.02191228968295846,0.20453170178205587
2017-03-31,2017-04-27,CSGP,22130000,0.069,322760000,226553000,55389000,1683762000,304111000,-268361000,572472000,58411000,64557000,5.2167616805056385,0.01314318769517307,0.010081292664982654,0.016821305232126996,0.18061400601747754
2017-06-30,2017-07-27,CSGP,22184000,0.068,324060000,237153000,44348000,1716735000,304826000,-259812000,564638000,24278000,30806000,5.297583780781337,0.012922204067605076,0.009992707269622467,0.016816270537305857,0.1775614757082485
2017-09-30,2017-10-26,CSGP,34177000,0.11,324440000,247533000,73187000,1762427000,305496000,-317499000,622995000,60864000,67944000,5.432212427567501,0.019392008860508833,0.014985994889055318,0.02489689754317629,0.17333824322936497
2017-12-31,2018-02-23,CSGP,44204000,0.12,356750000,253991000,64791000,2651250000,0,-1211463000,1211463000,66651000,71396000,7.431674842326559,0.016672890146157474,0.015383646297244315,0.03116458200099509,0.0
2018-03-31,2018-04-25,CSGP,52231000,0.15,358930000,273718000,73415000,2800964000,0,-931429000,931429000,64368000,72985000,7.803649736717466,0.01864750850064478,0.016875383670963782,0.028283792084304166,0.0
2018-06-30,2018-07-25,CSGP,43835000,0.12,360730000,297018000,67010000,2850618000,0,-966278000,966278000,39098000,46332000,7.9023591051478945,0.015377367293688597,0.014038098056283053,0.02363337887637601,0.0
2018-09-30,2018-10-24,CSGP,58759000,0.16,361290000,305525000,94156000,2928314000,0,-1071786000,1071786000,95417000,101367000,8.10516205818041,0.020065812614357612,0.018320839655003612,0.031960777665282866,0.0
2018-12-31,2019-02-28,CSGP,83509000,0.23,361360000,315571000,130007000,3021942000,4000000,-1096416000,1100416000,106943000,114774000,8.362690945317688,0.02763421667259001,0.02520678656559684,0.04364454206713151,0.001323652141569891
2019-03-31,2019-04-24,CSGP,85169000,0.24,362370000,328425000,118096000,3128614000,153380000,-1079437000,1232817000,139065000,148494000,8.633755553715815,0.027222597610315622,0.02400287011975366,0.04187392355070592,0.049024903679392856
2019-06-30,2019-07-24,CSGP,63248000,0.17,363100000,343760000,93554000,3204071000,151372000,-1146440000,1297812000,80115000,85073000,8.824210961167722,0.019739887162300712,0.01746893745176902,0.028734527711237922,0.04724364722254906
2019-09-30,2019-10-23,CSGP,78619000,0.22,363330000,352808000,113091000,3299166000,145034000,-1244585000,1389619000,86675000,116450000,9.080356700520188,0.023829961875213312,0.02116035701222294,0.03646497074210415,0.04396080706457329
2019-12-31,2020-02-26,CSGP,87927000,0.24,363590000,374726000,138717000,3405593000,163390000,-907341000,1070731000,105728000,107763000,9.36657498831101,0.025818411066736394,0.022814561339869942,0.03534382022115366,0.04797696025332446
2020-03-31,2020-04-29,CSGP,72793000,0.2,364710000,391847000,100120000,3462811000,903378000,-1024545000,1927923000,124331000,131464000,9.494697156645005,0.02102136096945516,0.015538796613668155,0.028904936221977647,0.2608799613955252
2020-06-30,2020-07-29,CSGP,60360000,0.16,375239000,397159000,108824000,5224321000,907577000,-2640828000,3548405000,111533000,117182000,13.922649298180627,0.011553654532330614,0.00931620937084718,0.02445131615988873,0.17372152285435755
2020-09-30,2020-10-28,CSGP,58186000,0.15,391586000,425620000,108147000,5318058000,1147514000,-2720291000,3867805000,77337000,106692000,13.580817496028969,0.010941211998816109,0.008560132110793584,0.024847436916092334,0.21577688697641131
2020-12-31,2021-02-24,CSGP,35789000,0.091,391370000,444393000,88243000,5375359000,1143586000,-2612326000,3755912000,124558000,130768000,13.734724174055241,0.006657973913928353,0.00517524604434727,0.015398544635253319,0.21274597659430747
2021-03-31,2021-04-28,CSGP,74212000,0.19,391578000,457697000,136569000,5446925000,1121375000,-2568921000,3690296000,77234000,87853000,13.910191583796843,0.013624567990196304,0.010690335640987264,0.027963664116988453,0.2058730384574783
2021-06-30,2021-07-28,CSGP,61148000,0.16,392306000,480333000,134964000,5527227000,1146029000,-2528880000,3674909000,129962000,132436000,14.08907077638374,0.011063052051236543,0.008642076857216914,0.02210321494610288,0.2073424883761785
2021-09-30,2021-10-27,CSGP,64304000,0.16,392419000,499319000,123606000,5603423000,1126667000,-2634920000,3761587000,90489000,98929000,14.279183729635925,0.01147584253410817,0.009017129517188693,0.023324932982492972,0.20106763312353895
2021-12-31,2022-02-23,CSGP,92900000,0.24,392538000,506786000,175210000,5711672000,1121626000,-2705500000,3827126000,106826000,150513000,14.55062185062338,0.01626493958336543,0.01280166066063459,0.03198539541582102,0.19637437163758703
2022-03-31,2022-04-28,CSGP,89318000,0.23,392895000,515825000,160465000,5797298000,1118305000,-2810792000,3929097000,118291000,130707000,14.75533666755749,0.015406832631339634,0.012139817072292246,0.03159539696679529,0.19290107218914743
2022-06-30,2022-07-27,CSGP,83473000,0.21,393342000,536308000,142120000,5884353000,1120102000,-2844014000,3964116000,63047000,81392000,14.959889866833443,0.014185586758646193,0.01124859650267062,0.02797721311626007,0.19035261820628369
2022-09-30,2022-10-26,CSGP,72290000,0.18,394712000,556921000,131185000,6706912000,1111894000,-3662571000,4774465000,68577000,81490000,16.991913091063864,0.010778432757131747,0.008809554826835398,0.020808394527534937,0.165783299378313
2022-12-31,2023-02-22,CSGP,124372000,0.31,404185000,573345000,155064000,6870121000,1105580000,-3862390000,4967970000,170116000,185031000,16.997466506673923,0.018103320159863268,0.014801838030959944,0.03295983275784631,0.16092584104413882
2023-03-31,2023-04-26,CSGP,87100000,0.22,404490000,584400000,97800000,6965609000,1097678000,-3957968000,5055646000,103600000,123200000,17.220719918910234,0.012504290723180126,0.010226711277514667,0.01797834215193427,0.15758535972949386
2023-06-30,2023-07-26,CSGP,100500000,0.25,405429000,605906000,105200000,7101072000,1101898000,-4103397000,5205295000,170280000,175164000,17.51495822943105,0.014152792705101428,0.011562789860733388,0.020145162523994186,0.15517347239966023
2023-09-30,2023-10-25,CSGP,90574000,0.22,405649000,624669000,88700000,7210162000,1107872000,-4122008000,5229880000,37265000,42605000,17.774386230460323,0.012561992365774861,0.010325759506045324,0.014995700117138265,0.15365424521668167
2023-12-31,2024-02-22,CSGP,96475000,0.24,405800000,640100000,98024000,7338600000,1030500000,-4185400000,5215900000,137356000,148515000,18.084277969443075,0.013146240427329463,0.010815946724665628,0.015974679996378843,0.14042187883247487
2024-03-31,2024-04-24,CSGP,6700000,0.0165,405600000,656400000,-9500000,7342600000,1093000000,-3858600000,4951600000,-240700000,139600000,18.103057199211044,0.0009124833165363767,0.0007416016381648127,-0.007157190635451505,0.14885735298123282
2024-06-30,2024-07-25,CSGP,19200000,0.0473,406000000,677800000,22700000,7395700000,1086000000,-3833500000,4919500000,-37500000,54700000,18.21600985221675,0.002596103141014373,0.002117499145280293,-0.002417209858575394,0.1468420839136255
2024-09-30,2024-10-23,CSGP,53000000,0.13,406800000,692600000,59200000,7491100000,1110400000,-3827200000,4937600000,13700000,100300000,18.414700098328417,0.007075062407390103,0.005799511965596857,0.004412244648058944,0.14822923202199945
2024-12-31,2025-02-20,CSGP,59800000,0.15,406900000,709400000,79300000,7553500000,158500000,-4522500000,4681000000,15800000,94600000,18.563529122634552,0.007916859733898192,0.006460115806758275,0.009284452811147554,0.020983649963593035
2025-03-31,2025-05-01,CSGP,-14800000,-0.0361,410500000,732200000,4500000,8556200000,1141700000,-2539100000,3680800000,-26000000,53200000,20.843361753958586,-0.001729739837778453,-0.0014192422397176858,-0.01571243349488783,0.13343540356700404
2025-06-30,2025-06-30,CSGP,6200000,0.0148,419600000,781300000,38300000,8601400000,1018300000,-2708700000,3727000000,-58700000,146500000,20.49904671115348,0.0007208128909247332,0.0005900771859028656,-0.0013249287096589693,0.11838770432720255
