date,filingDate,symbol,netIncome,eps,weightedAverageShsOut,revenue,ebitda,totalStockholdersEquity,totalDebt,netDebt,cashAndCashEquivalents,freeCashFlow,operatingCashFlow,bookValuePerShare,ROE,ROA,ROIC,debtToEquity
2015-11-30,2016-01-08,CTAS,345100000,0.78,433204000,1219080000,241586000,1924528000,1300000000,693215000,606785000,62768000,121954000,4.442544390171836,0.17931669479477566,0.07753676199651657,0.047974065970016,0.6754903020376944
2016-02-29,2016-04-08,CTAS,117341000,0.27,431372000,1216083000,235064000,1950106000,1300000000,984884000,315116000,-53568000,32117000,4.520706026353125,0.06017160092835979,0.027732256257666246,0.043605258204038086,0.6666304293202523
2016-05-31,2016-07-29,CTAS,130898000,0.3,424544000,1271405000,245879000,1842659000,1300000000,1160643000,139357000,100808000,168691000,4.340325148865606,0.07103756039505953,0.031892170169864335,0.042599962634486795,0.7055022117494338
2016-08-31,2016-10-11,CTAS,138091000,0.32,417932000,1294130000,247170000,1987402000,1208428000,1109219000,99209000,79008000,157588000,4.755323832585205,0.06948317451627803,0.0331380357534955,0.04787111686828902,0.608044069594375
2016-11-30,2017-01-06,CTAS,140377000,0.33,419828000,1296923000,244369000,2025705000,1110834000,967261000,143573000,67540000,144133000,4.8250831292815155,0.06929784939070595,0.033307478643372794,0.04413398685865897,0.5483690863180967
2017-02-28,2017-04-07,CTAS,118005000,0.28,420372000,1281135000,248714000,2178258000,1144540000,997296000,147244000,118589000,182037000,5.181739031143844,0.0541740234627854,0.027628299926584016,0.04018963164122615,0.5254382171441583
2017-05-31,2017-07-31,CTAS,84237000,0.2,421300000,1530287000,306065000,2302793000,3133524000,2964258000,169266000,225433000,280129000,5.465922145739378,0.036580361326441414,0.011963795447602349,0.020964206125281742,1.3607493161565107
2017-08-31,2017-10-06,CTAS,217211000,0.51,422960000,1611503000,317905000,2565881000,2841122000,2649708000,191414000,191849000,254366000,6.0664861925477584,0.08465357512682778,0.0317022023741587,0.03516434071665816,1.1072695888858446
2017-11-30,2018-01-05,CTAS,137109000,0.32,425360000,1606441000,305832000,2553033000,2834222000,2598220000,236002000,54694000,124643000,6.0020523791611815,0.05370435869806618,0.019646498015919927,0.030512617254682493,1.1101391952238768
2018-02-28,2018-04-06,CTAS,302095000,0.7,426232000,1589138000,266471000,2893997000,2722260000,2569697000,152563000,218281000,281855000,6.789722498545393,0.10438677026963054,0.04360120445810571,0.06217243147681704,0.9406575058647262
2018-05-31,2018-07-27,CTAS,186171000,0.43,427516000,1669550000,340384000,3016526000,2535309000,2396585000,138724000,227637000,303296000,7.055937087734728,0.06171702150089209,0.02623679905160759,0.038572315127803465,0.8404731137739241
2018-08-31,2018-10-05,CTAS,212515000,0.49,427340000,1697975000,351469000,3345968000,2535859000,2417503000,118356000,98457000,162985000,7.829756166050451,0.06351375745374732,0.029162762562980258,0.0405908740337718,0.7578850126480589
2018-11-30,2019-01-08,CTAS,243013000,0.56,425900000,1718268000,433071000,3027244000,2709908000,2621429000,88479000,108496000,181582000,7.1078750880488375,0.0802753263364301,0.03281705282709188,0.0463570642420667,0.8951732995424221
2019-02-28,2019-04-05,CTAS,203334000,0.48,420320000,1682330000,369293000,3179492000,2754458000,2673599000,80859000,255959000,326150000,7.564455652835934,0.06395172562157728,0.027353099874046116,0.03798075919141971,0.8663201542887984
2019-05-31,2019-07-26,CTAS,226119000,0.53,420072000,1793730000,410495000,3002721000,2849771000,2753126000,96645000,328231000,397145000,7.148110323944467,0.07530469863833503,0.029616191478719196,0.042800814819852026,0.9490628666466182
2019-08-31,2019-10-08,CTAS,250812000,0.6,414172000,1811139000,397634000,3050706000,3045527000,2943396000,102131000,212158000,276901000,7.3657948871483345,0.08221441200823679,0.03273496130202691,0.04594080016256205,0.998302360174989
2019-11-30,2020-01-09,CTAS,246120000,0.59,415836000,1843749000,428688000,3104970000,2913237000,2686702000,226535000,233026000,294450000,7.466813840071566,0.07926646634266998,0.031204448345493543,0.0461610332667894,0.9382496449241056
2020-02-29,2020-03-31,CTAS,234520000,0.56,416980000,1810648000,410593000,3324309000,2909993000,2675552000,234441000,299986000,363198000,7.972346395510576,0.0705469918710926,0.02967863750604279,0.04259571209034201,0.8753677831994559
2020-05-31,2020-07-29,CTAS,144585000,0.35,415032000,1619584000,304190000,3235202000,2705431000,2560029000,145402000,316024000,356934000,7.795066404518206,0.04469118157073345,0.018122074989806843,0.028512825172599413,0.836247937532185
2020-08-31,2020-10-09,CTAS,300005000,0.72,416440000,1746575000,445918000,3604804000,2705396000,2283854000,421542000,281416000,312292000,8.656238593795024,0.08322366486499683,0.03729836992677582,0.054866293122550126,0.7504973918138129
2020-11-30,2021-01-08,CTAS,284857000,0.67,419996000,1757048000,449486000,3597960000,2700980000,1997805000,703175000,233889000,260672000,8.566653015743007,0.07917180846924368,0.033691936358164455,0.05478434425980659,0.7506976175388276
2021-02-28,2021-04-06,CTAS,258384000,0.61,421056000,1777056000,423665000,3816510000,2704192000,2150581000,553611000,289100000,331851000,9.064138736890104,0.06770164364825455,0.030953470247542882,0.046889755201865654,0.708551006023828
2021-05-31,2021-07-28,CTAS,267722000,0.63,420572000,1835661000,454674000,3687847000,2716527000,2222887000,493640000,412865000,455925000,8.768646034448322,0.0725957448885488,0.03129246548600703,0.04870839635747533,0.73661597132419
2021-08-31,2021-10-07,CTAS,331179000,0.8,413180000,1896950000,492713000,3309203000,2783988000,2704239000,79749000,213393000,262141000,8.009107410813689,0.10007817592332656,0.042146797747446785,0.058305882347632426,0.8412865575185324
2021-11-30,2022-01-06,CTAS,294669000,0.71,414584000,1922281000,479503000,3563127000,2621922000,2508752000,113170000,271760000,331641000,8.59446336568705,0.08269955014233285,0.0367536398911868,0.051487712902274906,0.7358485959102777
2022-02-28,2022-04-07,CTAS,315448000,0.75,413552000,1960542000,507851000,3293900000,3027898000,2943762000,84136000,336051000,393273000,7.964899214609045,0.09576732748413734,0.038617143696594275,0.053460518577026196,0.9192440571966362
2022-05-31,2022-07-27,CTAS,294461000,0.72,409496000,2074686000,506888000,3308196000,2968442000,2877971000,90471000,475749000,550570000,8.078701623459082,0.08900953873349705,0.034930304516345156,0.05047722934502686,0.8972993135835966
2022-08-31,2022-10-06,CTAS,351689000,0.87,405712000,2166454000,540321000,3229626000,3169618000,3095060000,74558000,228140000,298156000,7.960390621918997,0.1088946521981183,0.04257207276674834,0.05934197367057513,0.981419520402672
2022-11-30,2023-01-06,CTAS,324293000,0.8,406548000,2174858000,546486000,3430538000,3099995000,3010196000,89799000,244605000,320993000,8.438211478103447,0.09453123679143038,0.03848258343680028,0.05384762283668873,0.9036468915371292
2023-02-28,2023-04-06,CTAS,325827000,0.8,406856000,2189986000,550013000,3633256000,2917082000,2828519000,88563000,347330000,425042000,8.93007845527656,0.08967906472871716,0.038486529826774175,0.053897184964546846,0.8028836944052388
2023-05-31,2023-07-27,CTAS,346201000,0.85,407152000,2284471000,576722000,3863986000,2668393000,2544244000,124149000,446630000,553623000,9.490278814791527,0.08959685671738976,0.03921235718027495,0.05714726118413544,0.6905804006536256
2023-08-31,2023-10-05,CTAS,385085000,0.94,407580000,2342330000,608919000,4077635000,2662355000,2574229000,88126000,230248000,336945000,10.004502183620394,0.09443832025181263,0.04416273943966528,0.06087362278004434,0.6529164577015844
2023-11-30,2024-01-08,CTAS,374613000,0.92,406668000,2377177000,611576000,3994481000,2867286000,2781730000,85556000,298856000,392686000,9.82246205750145,0.09378264660665553,0.04250267391085572,0.058385697084797336,0.7178119009703638
2024-02-29,2024-04-05,CTAS,397579000,0.98,405908000,2406173000,635181000,4234083000,2665398000,2536915000,128483000,550079000,657110000,10.431139568572188,0.09389967083781778,0.04427937798443569,0.06198007875718112,0.6295100969914855
2024-05-31,2024-07-25,CTAS,414315000,1.02,406180000,2470935000,668181000,4316372000,2668080000,2326065000,342015000,591129000,693040000,10.62674676251908,0.0959868611880533,0.04369813078335899,0.06522274786071147,0.618130226032418
2024-08-31,2024-10-04,CTAS,452033000,1.12,403382000,2501587000,679521000,4021423000,2838032000,2736659000,101373000,373811000,466732000,9.969267344601395,0.11240623033189992,0.04984536384293814,0.07008083176467164,0.7057282956804096
2024-11-30,2025-01-08,CTAS,448495000,1.11,410667000,2561783000,747333000,4293106000,2846665000,2724270000,122395000,339988000,441404000,10.453983397740748,0.10446865276562005,0.04788273222663379,0.06681602524953456,0.6630782002587404
2025-02-28,2025-04-03,CTAS,463497000,1.14,403769000,2609159000,740285000,4592248000,2691842000,2448414000,243428000,522097000,622020000,11.373453633141722,0.10093030689980158,0.0482249965040553,0.06861137052539568,0.5861708688206735
2025-05-31,2025-07-28,CTAS,448256000,1.11,403412000,2667652000,721364000,4684481000,2654481000,2390508000,263973000,521125000,635749000,11.612150853222015,0.0956895758569626,0.04562290126013194,0.0660070372674232,0.566654235549253
2025-08-31,2025-09-24,CTAS,491140000,1.21,403292000,2718122000,746005000,4755700000,2675266000,2537123000,138143000,312524000,414481000,11.792200192416413,0.1032739659776689,0.0499243216649437,0.07007618732212738,0.5625388481190992
