date,filingDate,symbol,netIncome,eps,weightedAverageShsOut,revenue,ebitda,totalStockholdersEquity,totalDebt,netDebt,cashAndCashEquivalents,freeCashFlow,operatingCashFlow,bookValuePerShare,ROE,ROA,ROIC,debtToEquity
2015-09-30,2015-11-05,CTSH,397200000,0.65,608800000,3187000000,625200000,8827000000,950000000,-526700000,1476700000,752800000,817900000,14.499014454664914,0.04499830066840376,0.032377971241318595,0.04823264392427272,0.10762433442845815
2015-12-31,2016-02-25,CTSH,423400000,0.7,608200000,3232500000,641400000,9278100000,1287500000,-837700000,2125200000,615900000,690000000,15.255014797763893,0.04563434323837855,0.03240620264209285,0.050547859743771115,0.13876763561505048
2016-03-31,2016-05-06,CTSH,441200000,0.73,608000000,3202000000,642000000,9612300000,1020900000,-502900000,1523800000,5100000,68800000,15.80970394736842,0.04589952456748125,0.034642231801443164,0.048836345027329336,0.10620767142099186
2016-06-30,2016-08-05,CTSH,252400000,0.42,606100000,3369900000,684000000,9862900000,908800000,-775700000,1684500000,284700000,359600000,16.272727272727273,0.025590850561193968,0.019208377409608755,0.028005371701240383,0.09214328442952884
2016-09-30,2016-11-07,CTSH,444400000,0.73,606000000,3453200000,715600000,10292300000,896600000,-653700000,1550300000,519800000,594000000,16.983993399339933,0.04317790969948408,0.03239846318720975,0.04643305893391475,0.08711366749900411
2016-12-31,2017-03-01,CTSH,416000000,0.69,607000000,3462000000,669100000,10728000000,878000000,-1156000000,2034000000,511400000,598600000,17.67380560131796,0.03877703206562267,0.029168419576496987,0.043832607008536806,0.08184190902311708
2017-03-31,2017-05-05,CTSH,557000000,0.92,605000000,3546000000,685000000,9983000000,1209000000,-99000000,1308000000,211000000,277000000,16.500826446280993,0.0557948512471201,0.04086873578399002,0.056874692503923796,0.12110587999599319
2017-06-30,2017-08-03,CTSH,470000000,0.8,589000000,3670000000,748000000,10483000000,991000000,-166000000,1157000000,461000000,521000000,17.797962648556876,0.04483449394257369,0.03372076338068589,0.04598632789395074,0.09453400744061814
2017-09-30,2017-11-01,CTSH,495000000,0.84,590000000,3766000000,790000000,10979000000,823000000,-754000000,1577000000,695000000,773000000,18.608474576271185,0.04508607341287913,0.033950617283950615,0.04875350212914589,0.07496128973494853
2017-12-31,2018-02-27,CTSH,-18000000,-0.0306,589000000,3828000000,829000000,10669000000,873000000,-1052000000,1925000000,756000000,836000000,18.113752122241088,-0.0016871309401068515,-0.001182576703238946,-0.001989522702682449,0.0818258505951823
2018-03-31,2018-05-07,CTSH,520000000,0.89,587000000,3912000000,811000000,10988000000,773000000,-667000000,1440000000,292000000,388000000,18.718909710391824,0.04732435384055333,0.03456297773346627,0.0508164254545308,0.07034947215143793
2018-06-30,2018-08-02,CTSH,456000000,0.78,585000000,4006000000,833000000,10648000000,749000000,-152000000,901000000,549000000,640000000,18.2017094017094,0.04282494365138993,0.03079832500337701,0.04383692449986298,0.07034184823441021
2018-09-30,2018-10-30,CTSH,477000000,0.82,579000000,4078000000,883000000,10978000000,724000000,-615000000,1339000000,768000000,862000000,18.96027633851468,0.04345053743851339,0.031229540395443237,0.04644632469746977,0.06595008198214611
2018-12-31,2019-02-19,CTSH,648000000,1.12,578000000,4129000000,817000000,11424000000,745000000,-416000000,1161000000,606000000,702000000,19.764705882352942,0.05672268907563025,0.040721422736127694,0.05935237284206021,0.06521358543417367
2019-03-31,2019-05-03,CTSH,441000000,0.77,573000000,4110000000,713000000,11136000000,1581000000,631000000,950000000,163000000,269000000,19.43455497382199,0.03960129310344827,0.02739811133200795,0.0379276812891126,0.1419719827586207
2019-06-30,2019-08-01,CTSH,509000000,0.9,564000000,4141000000,807000000,10557000000,1626000000,-34000000,1660000000,479000000,575000000,18.71808510638298,0.048214454864071235,0.032802732486949794,0.04879955825138173,0.1540210287013356
2019-09-30,2019-10-31,CTSH,497000000,0.9,551000000,4248000000,861000000,10702000000,1676000000,-667000000,2343000000,620000000,717000000,19.422867513611614,0.04643991777237899,0.03136834132794749,0.055358221907215316,0.15660624182395813
2019-12-31,2020-02-14,CTSH,395000000,0.72,547000000,4284000000,783000000,11022000000,1685000000,-960000000,2645000000,845000000,938000000,20.149908592321754,0.03583741607693704,0.02437669711182424,0.04535204416324857,0.15287606604971873
2020-03-31,2020-05-08,CTSH,367000000,0.67,546000000,4225000000,649000000,10613000000,3399000000,-487000000,3886000000,385000000,497000000,19.437728937728938,0.03458023179119947,0.021056859257559242,0.03676964366627552,0.3202675963441063
2020-06-30,2020-07-30,CTSH,361000000,0.67,541000000,4000000000,640000000,10972000000,3467000000,-955000000,4422000000,886000000,979000000,20.280961182994453,0.03290193219103172,0.0198177426438296,0.03669398386379519,0.31598614655486695
2020-09-30,2020-10-29,CTSH,348000000,0.64,542000000,4243000000,768000000,11140000000,3483000000,-953000000,4436000000,821000000,925000000,20.55350553505535,0.03123877917414722,0.018523447064459467,0.03448965876569685,0.31265709156193894
2020-12-31,2021-02-12,CTSH,316000000,0.59,533000000,4184000000,622000000,10836000000,1758000000,-922000000,2680000000,809000000,898000000,20.330206378986865,0.02916205241786637,0.018672812149146133,0.03197736076294678,0.16223698781838317
2021-03-31,2021-05-06,CTSH,505000000,0.95,530000000,4401000000,807000000,11037000000,1715000000,-258000000,1973000000,93000000,181000000,20.824528301886794,0.04575518709794328,0.030312124849939975,0.04692080884091666,0.15538642747123313
2021-06-30,2021-07-29,CTSH,512000000,0.97,527000000,4585000000,841000000,11205000000,1729000000,361000000,1368000000,466000000,541000000,21.261859582542694,0.04569388665774208,0.030423673420880624,0.0442218347426946,0.1543061133422579
2021-09-30,2021-10-28,CTSH,544000000,1.04,525000000,4744000000,873000000,11546000000,1678000000,14000000,1664000000,897000000,948000000,21.99238095238095,0.04711588428893123,0.031569173630454965,0.04693007161825058,0.14533171661181363
2021-12-31,2022-02-16,CTSH,576000000,1.1,525000000,4777000000,883000000,11991000000,1642000000,-150000000,1792000000,760000000,825000000,22.84,0.0480360270202652,0.032265292404212415,0.0486918655450206,0.13693603535985321
2022-03-31,2022-05-05,CTSH,563000000,1.07,524000000,4826000000,874000000,11973000000,1607000000,-585000000,2192000000,186000000,306000000,22.849236641221374,0.047022467217906955,0.032293220144545144,0.049221426737070244,0.1342186586486261
2022-06-30,2022-07-28,CTSH,577000000,1.11,520000000,4906000000,904000000,11950000000,1571000000,-197000000,1768000000,485000000,528000000,22.98076923076923,0.04828451882845188,0.033433769845868586,0.04902933609480198,0.13146443514644351
2022-09-30,2022-11-03,CTSH,629000000,1.22,516000000,4857000000,939000000,11958000000,1520000000,-522000000,2042000000,953000000,1032000000,23.174418604651162,0.052600769359424655,0.03625987202398109,0.05540816572676037,0.12711155711657468
2022-12-31,2023-02-15,CTSH,521000000,1.02,512000000,4839000000,863000000,12309000000,1534000000,-657000000,2191000000,612000000,702000000,24.041015625,0.04232675278251686,0.029184405108671298,0.045214343890663033,0.12462425867251604
2023-03-31,2023-05-04,CTSH,580000000,1.14,509000000,4812000000,879000000,12661000000,1507000000,-951000000,2458000000,631000000,729000000,24.87426326129666,0.04580996761709186,0.03196120570893261,0.05013434421278457,0.11902693310165074
2023-06-30,2023-08-03,CTSH,463000000,0.92,506000000,4886000000,825000000,12903000000,1481000000,-574000000,2055000000,-32000000,36000000,25.5,0.035883127954739205,0.025769466243668947,0.038193492082420046,0.11477950864140123
2023-09-30,2023-11-02,CTSH,525000000,1.04,504000000,4897000000,997000000,12882000000,1445000000,-759000000,2204000000,755000000,828000000,25.55952380952381,0.0407545412203074,0.029039216770839094,0.043722947779648504,0.11217202297779848
2023-12-31,2024-02-14,CTSH,558000000,1.12,500000000,4758000000,887000000,13227000000,1315000000,-472000000,1787000000,659000000,737000000,26.454,0.04218643683374915,0.030189904236325272,0.0440718292101477,0.09941785741286761
2024-03-31,2024-05-02,CTSH,546000000,1.1,497000000,4760000000,851000000,13490000000,1277000000,-484000000,1761000000,16000000,95000000,27.142857142857142,0.04047442550037064,0.029661016949152543,0.04151865983013168,0.09466271312083024
2024-06-30,2024-08-01,CTSH,566000000,1.14,497000000,4850000000,870000000,13898000000,1237000000,-683000000,1920000000,183000000,262000000,27.963782696177063,0.04072528421355591,0.03046286329386437,0.04312978924216155,0.08900561231831919
2024-09-30,2024-10-31,CTSH,582000000,1.17,496000000,5044000000,895000000,14452000000,1863000000,-150000000,2013000000,791000000,847000000,29.137096774193548,0.04027124273456961,0.028863320769688554,0.0411703385413356,0.12890949349570993
2024-12-31,2025-02-12,CTSH,546000000,1.1,496000000,5082000000,902000000,14408000000,1503000000,-728000000,2231000000,837000000,920000000,29.048387096774192,0.037895613548028874,0.0273464890313533,0.04056217401612139,0.10431704608550806
2025-03-31,2025-05-01,CTSH,663000000,1.34,494000000,5115000000,1020000000,14899000000,1179000000,-801000000,1980000000,323000000,400000000,30.15991902834008,0.0444996308477079,0.03320478790003506,0.04738748810749394,0.07913282770655748
2025-06-30,2025-07-31,CTSH,645000000,1.31,492000000,5245000000,990000000,15288000000,1177000000,-373000000,1550000000,331000000,398000000,31.073170731707318,0.04218995290423862,0.031987700853005355,0.04370729462201884,0.07698848770277342
