date,filingDate,symbol,netIncome,eps,weightedAverageShsOut,revenue,ebitda,totalStockholdersEquity,totalDebt,netDebt,cashAndCashEquivalents,freeCashFlow,operatingCashFlow,bookValuePerShare,ROE,ROA,ROIC,debtToEquity
2015-09-30,2015-11-06,CVX,2037000000,1.09,1868444000,32767000000,7157000000,154912000000,35876000000,22943000000,12933000000,-1450000000,5360000000,82.90962961694329,0.013149400950216897,0.0075880334812198965,0.011565601191982234,0.2315895476141293
2015-12-31,2016-02-25,CVX,-588000000,-0.31,1869072000,28014000000,3001000000,152716000000,38549000000,27527000000,11022000000,-2892000000,4557000000,81.70685773474752,-0.0038502841876424214,-0.002222726241778181,-0.004797106108864646,0.25242279787317634
2016-03-31,2016-05-05,CVX,-725000000,-0.39,1858974358,23070000000,2954000000,150307000000,42339000000,33777000000,8562000000,-4425000000,1141000000,80.85480004237907,-0.0048234613158402466,-0.002747856671795999,-0.0038406379696225637,0.2816834877949796
2016-06-30,2016-08-04,CVX,-1470000000,-0.79,1871995000,27844000000,4802000000,147163000000,45085000000,36321000000,8764000000,-1938000000,2531000000,78.6129236456294,-0.009988923846347248,-0.005621887883493066,-0.00766914663122175,0.30636097388609906
2016-09-30,2016-11-03,CVX,1283000000,0.68,1873649000,29159000000,5441000000,146800000000,45585000000,38234000000,7351000000,1246000000,5311000000,78.34978696650226,0.008739782016348775,0.00493721691814533,0.007436904852512032,0.31052452316076296
2016-12-31,2017-02-23,CVX,415000000,0.22,1875694000,30142000000,4790000000,145556000000,46126000000,39138000000,6988000000,-146000000,3863000000,77.60114389660573,0.0028511363324081455,0.001595675143610763,0.0026401355079212104,0.31689521558712797
2017-03-31,2017-05-04,CVX,2682000000,1.43,1879372000,31524000000,7381000000,146592000000,45256000000,38273000000,6983000000,462000000,3777000000,78.00052357915304,0.01829567779960707,0.010350776308223116,0.014837807973629744,0.30872080331805285
2017-06-30,2017-08-03,CVX,1450000000,0.77,1881019000,32877000000,7324000000,146203000000,42864000000,38102000000,4762000000,1747000000,4971000000,77.72542435775503,0.009917717146706976,0.005695230539004474,0.008149701429511982,0.29318139846651575
2017-09-30,2017-11-02,CVX,1952000000,1.03,1882650000,33892000000,7923000000,146713000000,41972000000,35331000000,6641000000,2273000000,5497000000,77.92898308235732,0.013304887774089549,0.007650101896849036,0.011053103873431636,0.2860823512572165
2017-12-31,2018-02-22,CVX,3111000000,1.65,1888199000,36381000000,4758000000,148124000000,38763000000,33950000000,4813000000,2589000000,6230000000,78.44723993604488,0.02100267343577003,0.012257393442235408,0.01912531620339689,0.26169290594366884
2018-03-31,2018-05-03,CVX,3638000000,1.92,1895990000,35968000000,9566000000,150356000000,39745000000,33279000000,6466000000,2046000000,5043000000,79.30210602376594,0.02419590837745085,0.014186443718267678,0.020549905219931348,0.26433930139136447
2018-06-30,2018-08-02,CVX,3409000000,1.79,1900375000,40491000000,9681000000,152198000000,38517000000,30889000000,7628000000,3629000000,6855000000,80.08840360455173,0.02239845464460768,0.013216815480229056,0.01951744926420374,0.25307165665777476
2018-09-30,2018-11-08,CVX,4047000000,2.13,1900717000,42105000000,11751000000,153575000000,36110000000,26424000000,9686000000,5991000000,9569000000,80.79845658243705,0.02635194530359759,0.015771260219948093,0.023253074144849537,0.23512941559498615
2018-12-31,2019-02-22,CVX,3730000000,1.97,1893405000,40338000000,9042000000,154554000000,34459000000,25117000000,9342000000,5160000000,9151000000,81.62754402782289,0.024133959651642792,0.014692964315398464,0.021525010555396087,0.22295767175226783
2019-03-31,2019-05-02,CVX,2649000000,1.4,1888002000,34189000000,8362000000,155045000000,33087000000,24388000000,8699000000,2104000000,5057000000,82.12120538007905,0.017085362314166855,0.01031505905166875,0.015561393082844944,0.21340256054693799
2019-06-30,2019-08-07,CVX,4305000000,2.28,1889265000,36323000000,10504000000,156395000000,30649000000,22136000000,8513000000,5199000000,8783000000,82.78086980915859,0.02752645544934301,0.016824424139629042,0.024831096402179963,0.1959717382269254
2019-09-30,2019-11-07,CVX,2580000000,1.38,1880607000,34779000000,8621000000,155841000000,32851000000,21154000000,11697000000,4448000000,7817000000,82.86739334693533,0.016555335245538722,0.010057028810658892,0.015285896724139433,0.2107981853299196
2019-12-31,2020-02-21,CVX,-6610000000,-3.51,1872317000,34574000000,-3188000000,144213000000,26973000000,21287000000,5686000000,1447000000,5657000000,77.02381594569722,-0.04583498020289433,-0.027840018868878144,-0.0394308588435527,0.1870358428158349
2020-03-31,2020-05-06,CVX,3599000000,1.93,1862273000,29705000000,8645000000,143930000000,32351000000,23859000000,8492000000,1589000000,4722000000,77.28727205946711,0.025005210866393384,0.015206378313059571,0.022176406419341033,0.22476898492322656
2020-06-30,2020-08-05,CVX,-8270000000,-4.44,1853313000,15926000000,-2913000000,134118000000,34053000000,27198000000,6855000000,-2012000000,80000000,72.36662128847097,-0.06166211843302167,-0.03701830324570395,-0.05047643098242257,0.2539032792018968
2020-09-30,2020-11-05,CVX,-207000000,-0.12,1853533000,23997000000,4140000000,131774000000,34810000000,27944000000,6866000000,1907000000,3537000000,71.0934199714815,-0.001570871340325102,-0.000927988953793323,0.0035687899923615373,0.2641644026894532
2020-12-31,2021-02-25,CVX,-665000000,-0.33,1910724000,24843000000,564000000,131688000000,44315000000,38719000000,5596000000,171000000,2238000000,68.92047203049734,-0.005049814713565397,-0.002773259935777138,-0.0030491141010924984,0.33651509628819637
2021-03-31,2021-05-06,CVX,1377000000,0.72,1912925000,31076000000,6665000000,131888000000,45440000000,38364000000,7076000000,2450000000,4196000000,68.94572447952743,0.010440676938008008,0.005698441929276418,0.008958187204914035,0.34453475676331435
2021-06-30,2021-08-05,CVX,3082000000,1.61,1917536000,36117000000,9144000000,133182000000,43018000000,35491000000,7527000000,5157000000,6954000000,69.45475860687883,0.023141265336156538,0.01269326128678863,0.019110595229927425,0.32300160682374496
2021-09-30,2021-11-04,CVX,6111000000,3.19,1918006000,42552000000,12569000000,135862000000,37347000000,31349000000,5998000000,6672000000,8579000000,70.83502345665238,0.04497946445658094,0.02546801807058196,0.037360539138391886,0.27488922583209435
2021-12-31,2022-02-24,CVX,5055000000,2.63,1915440000,45861000000,10986000000,139067000000,31369000000,25729000000,5640000000,6852000000,9458000000,72.60316167564633,0.036349385547973276,0.021103387813889412,0.03152243776270849,0.22556753219671094
2022-03-31,2022-05-04,CVX,6259000000,3.23,1935668000,52314000000,12979000000,146219000000,29333000000,17662000000,11671000000,6095000000,8055000000,75.53929702820939,0.04280565453190078,0.025131701519385822,0.038877519200516505,0.20061004383835207
2022-06-30,2022-08-04,CVX,11622000000,5.98,1947703000,65372000000,19931000000,153554000000,26235000000,14206000000,12029000000,10598000000,13782000000,78.8385087459433,0.07568672909855816,0.045057688728987036,0.07039481688742731,0.17085194784896518
2022-09-30,2022-11-03,CVX,11231000000,5.81,1932238000,63508000000,19159000000,158680000000,23641000000,8477000000,15164000000,12272000000,15267000000,82.12238864984542,0.0707776657423746,0.043240225614568695,0.06781130580992581,0.14898537937988404
2022-12-31,2023-02-23,CVX,6353000000,3.34,1910602000,54523000000,13416000000,159282000000,23339000000,5661000000,17678000000,8663000000,12498000000,83.36744125673479,0.03988523499202672,0.024651835985549594,0.03915282924520892,0.14652628671161838
2023-03-31,2023-05-04,CVX,6574000000,3.48,1891695000,48842000000,13265000000,159449000000,23206000000,7538000000,15668000000,4167000000,7205000000,84.28895778653535,0.04122948403564776,0.025691128080473337,0.04003183284815145,0.1455386988943173
2023-06-30,2023-08-03,CVX,6010000000,3.22,1867165000,47216000000,11516000000,158325000000,21514000000,12222000000,9292000000,2540000000,6297000000,84.79432722871304,0.03795989262592768,0.023870140083168175,0.03576723358139831,0.13588504658139902
2023-09-30,2023-11-02,CVX,6526000000,3.48,1870963000,51922000000,13049000000,165265000000,20559000000,14762000000,5797000000,5000000000,9673000000,88.3315169781551,0.03948809487792333,0.024726534231056314,0.036886242450830053,0.12440020573019091
2023-12-31,2024-02-26,CVX,2259000000,1.23,1861474000,48933000000,7212000000,160957000000,20836000000,12658000000,8178000000,8073000000,12434000000,86.46749833733912,0.014034804326621396,0.008634264921722113,0.013363610339942138,0.12945072286387047
2024-03-31,2024-05-02,CVX,5501000000,2.99,1842377000,46580000000,12159000000,160625000000,21835000000,15557000000,6278000000,2936000000,6828000000,87.18356774970594,0.03424747081712062,0.021024188709387697,0.03197649824204218,0.1359377431906615
2024-06-30,2024-08-07,CVX,4434000000,2.43,1825842000,49574000000,11334000000,159233000000,23184000000,19176000000,4008000000,2397000000,6295000000,87.21072250501412,0.02784598669873707,0.017011709458111448,0.025303408134672616,0.14559796022181332
2024-09-30,2024-11-07,CVX,4487000000,2.49,1800336000,48926000000,10883000000,156202000000,25841000000,21142000000,4699000000,5619000000,9674000000,86.7626931861608,0.02872562451185004,0.01730881989877793,0.0259925897414379,0.16543322108551747
2024-12-31,2025-02-21,CVX,3239000000,1.83,1770310000,48334000000,11435000000,152318000000,24541000000,17760000000,6781000000,4357000000,8695000000,86.04029802689924,0.021264722488478053,0.012606154013808778,0.019791140711743684,0.16111687390853346
2025-03-31,2025-05-08,CVX,3512000000,2.01,1744628000,47610000000,9918000000,149244000000,29681000000,25043000000,4638000000,1262000000,5189000000,85.54488406697588,0.023531934282115193,0.013697508161171932,0.02091584068758981,0.1988756666934684
2025-06-30,2025-08-07,CVX,2490000000,1.45,1731836000,44375000000,8765000000,146417000000,29467000000,25406000000,4061000000,4864000000,8576000000,84.54437949089868,0.01700622195510084,0.009927438003349016,0.015604259766305435,0.20125395275138816
