date,filingDate,symbol,netIncome,eps,weightedAverageShsOut,revenue,ebitda,totalStockholdersEquity,totalDebt,netDebt,cashAndCashEquivalents,freeCashFlow,operatingCashFlow,bookValuePerShare,ROE,ROA,ROIC,debtToEquity
2015-09-30,2015-09-30,DD,1375000000,3.36,416866000,12036000000,2941000000,24333000000,19738000000,12115000000,7623000000,1587000000,2511000000,58.37127518195295,0.05650762339210126,0.01967546219449373,0.04384836389464953,0.8111617967369416
2015-12-31,2015-12-31,DD,3612000000,9.51,368466000,11462000000,4988000000,25374000000,17210000000,8633000000,8577000000,1394000000,2341000000,68.86388432039863,0.14235043745566328,0.053166122052459595,0.11294988645907861,0.6782533301804997
2016-03-31,2016-03-31,DD,254000000,0.45,367633000,10703000000,973000000,25599000000,16976000000,10366000000,6610000000,-848000000,139000000,69.63194272548982,0.009922262588382358,0.003711279953243717,0.0169609342416238,0.6631509043322005
2016-06-30,2016-06-30,DD,3208000000,8.37,370366000,11952000000,4245000000,28936000000,21346000000,14037000000,7309000000,1174000000,2228000000,78.12812191183856,0.11086535803151783,0.03935037534959031,0.07974647311467631,0.7376969864528615
2016-09-30,2016-09-30,DD,800000000,1.92,370800000,12476000000,2089000000,29035000000,21292000000,14260000000,7032000000,204000000,1345000000,78.30366774541532,0.027552953332185295,0.009922603691208573,0.02271053297730743,0.7333218529361116
2016-12-31,2016-12-31,DD,53000000,-0.09,368733332,13007000000,778000000,25987000000,21363000000,14756000000,6607000000,966000000,1863000000,70.47640596809404,0.002039481279101089,0.0006665744362415264,-0.0003227920170707889,0.8220648785931427
2017-03-31,2017-03-31,DD,884000000,2.22,400833000,13222000000,2125000000,27060000000,21470000000,15622000000,5848000000,-278000000,476000000,67.50941165023838,0.032668144863266815,0.010936804077794824,0.025599697216525576,0.7934220251293422
2017-06-30,2017-06-30,DD,1315000000,3.24,403933000,13834000000,2779000000,28421000000,21507000000,15289000000,6218000000,-1372000000,-577000000,70.36067862739613,0.04626860420111889,0.015988425109730448,0.03496483917127444,0.7567291791281094
2017-09-30,2017-11-06,DD,511000000,0.96,525933000,15354000000,2412000000,102946000000,36901000000,23753000000,13148000000,1900000000,2654000000,195.7397615285597,0.004963767412041264,0.0025739571947392547,0.005484172022755595,0.35845006119713246
2017-12-31,2018-02-15,DD,-1263000000,-1.62,775633000,20066000000,-1069000000,100330000000,34071000000,20633000000,13438000000,-6688000000,-5234000000,129.35241280347793,-0.012588458088308581,-0.006572510980204409,-0.008401264611409928,0.33958935512807736
2018-03-31,2018-05-04,DD,1098000000,1.41,772333000,21510000000,3377000000,101260000000,34461000000,24180000000,10281000000,-2913000000,-2137000000,131.10924950766056,0.010843373493975903,0.005705644846992065,0.01128390710613039,0.34032194351175193
2018-06-30,2018-08-03,DD,1762000000,2.28,769633000,5857000000,681000000,98262000000,34250000000,25006000000,9244000000,1335000000,2145000000,127.67383934940419,0.017931652113736745,0.009404003906771203,0.00025148457020475717,0.34855793694408826
2018-09-30,2018-11-02,DD,499000000,0.65,765399000,5683000000,710000000,98090000000,35168000000,28229000000,6939000000,-1350000000,-378000000,128.15538039636843,0.0050871648486084204,0.0027052962001160186,0.0010370569748018904,0.35852788255683554
2018-12-31,2019-02-11,DD,480000000,0.62,760699000,5457000000,891000000,94571000000,40464000000,26982000000,13482000000,3851000000,5156000000,124.32118354303081,0.0050755517018959305,0.0025527841301919907,0.003060924174056027,0.4278690084698269
2019-03-31,2019-05-03,DD,520000000,0.69,750033000,5414000000,1506000000,92444000000,45280000000,33737000000,11543000000,-1113000000,26000000,123.25324352395161,0.005625027043399247,0.002739942566588508,-4.9760168954025396e-05,0.4898100471636883
2019-06-30,2019-08-06,DD,-571000000,-0.76,749000000,5468000000,-276000000,42006000000,17767000000,16106000000,1661000000,-738000000,-77000000,56.082777036048064,-0.013593296195781555,-0.008060076507206075,-0.01567700564253053,0.4229633861829262
2019-09-30,2019-10-31,DD,372000000,0.5,745500000,5426000000,1126000000,41344000000,18183000000,16076000000,2107000000,591000000,882000000,55.458081824279006,0.008997678018575851,0.005305266760792367,0.009026819923371647,0.4397977941176471
2019-12-31,2020-02-14,DD,176000000,0.24,740700000,5204000000,897000000,40987000000,18001000000,16461000000,1540000000,197000000,578000000,55.335493452139865,0.004294044453119282,0.0025361692316560034,0.00640321424334793,0.4391880352306829
2020-03-31,2020-05-05,DD,-616000000,-0.83,738600000,3670000000,61000000,39551000000,18130000000,16382000000,1748000000,237000000,718000000,53.54860546980775,-0.015574827437991453,-0.009060555694471001,-0.006145745803014321,0.45839548936815755
2020-06-30,2020-07-31,DD,-2478000000,-3.37,734300000,3289000000,-1851000000,37005000000,19746000000,16009000000,3737000000,564000000,802000000,50.39493395070135,-0.06696392379408188,-0.0371219271043998,-0.04163790417932917,0.533603567085529
2020-09-30,2020-10-30,DD,-79000000,-0.11,734400000,3629000000,718000000,37559000000,24820000000,20812000000,4008000000,1071000000,1274000000,51.14242919389978,-0.002103357384381906,-0.001095077695069378,0.0026420851766485727,0.6608269655741633
2020-12-31,2021-02-12,DD,222000000,0.3,734600000,3750000000,872000000,38504000000,21811000000,19267000000,2544000000,1029000000,1301000000,52.41491968418187,0.005765634739247871,0.0031309940200834933,0.010868788549442059,0.5664606274672761
2021-03-31,2021-05-04,DD,5394000000,8.92,604800000,3017000000,786000000,27188000000,13040000000,8656000000,4384000000,95000000,378000000,44.9537037037037,0.19839635133146977,0.11283574596268095,0.014852673272492487,0.479623363248492
2021-06-30,2021-08-04,DD,478000000,0.9,529600000,3104000000,879000000,26877000000,11043000000,7081000000,3962000000,224000000,440000000,50.74962235649547,0.017784722997358338,0.010427801653613735,0.014706872713544891,0.4108717490791383
2021-09-30,2021-11-03,DD,391000000,0.75,521500000,3199000000,754000000,26633000000,11060000000,9390000000,1670000000,634000000,842000000,51.06999041227229,0.014681034806443135,0.008497229164402912,0.009628885904343153,0.4152742837832764
2021-12-31,2022-02-11,DD,204000000,0.4,516100000,3246000000,662000000,26433000000,10784000000,8771000000,1972000000,437000000,621000000,51.21681844603759,0.007717625695153785,0.004463211324304811,0.007495438335591745,0.40797487988499226
2022-03-31,2022-05-06,DD,488000000,0.95,512000000,3274000000,696000000,26176000000,11464000000,9792000000,1672000000,-42000000,209000000,51.125,0.018643031784841075,0.010750556253166788,0.00922444801591857,0.43795843520782396
2022-06-30,2022-08-04,DD,787000000,1.56,505400000,3322000000,881000000,25528000000,11730000000,10291000000,1439000000,-49000000,86000000,50.51048674317372,0.030828893763710435,0.01770927092709271,0.012790948820902303,0.45949545596991537
2022-09-30,2022-11-08,DD,367000000,0.73,499400000,3317000000,909000000,24909000000,11851000000,10066000000,1785000000,247000000,419000000,49.87785342410893,0.014733630414709542,0.008322184176511939,0.012902733162815668,0.47577180938616564
2022-12-31,2023-02-15,DD,4156000000,8.71,477300000,3104000000,589000000,26569000000,8074000000,4412000000,3662000000,-311000000,-126000000,55.665200083804734,0.15642289886710076,0.100495707895055,0.005531553435809645,0.3038879897625052
2023-03-31,2023-05-03,DD,257000000,0.56,458800000,3018000000,728000000,26737000000,8568000000,5043000000,3525000000,102000000,343000000,58.27593722755013,0.009612147959756142,0.0062366530770724135,0.010882665940701877,0.3204548004637768
2023-06-30,2023-08-03,DD,-131000000,-0.29,459200000,3094000000,736000000,26123000000,8003000000,3118000000,4885000000,241000000,355000000,56.88806620209059,-0.005014737970370937,-0.0032110204181680026,0.011731834130082856,0.3063583815028902
2023-09-30,2023-11-02,DD,319000000,0.71,451700000,3058000000,804000000,24192000000,8215000000,6877000000,1338000000,552000000,671000000,53.557671020588884,0.01318617724867725,0.008151687833797562,0.01170781164504812,0.33957506613756616
2023-12-31,2024-02-15,DD,-22000000,-0.0511,430300000,2898000000,-221000000,24279000000,7800000000,5408000000,2392000000,677000000,822000000,56.42342551708111,-0.0009061328720293257,-0.0005706578128242374,-0.008448536002684283,0.3212652909922155
2024-03-31,2024-05-01,DD,189000000,0.45,422800000,2931000000,654000000,23584000000,7692000000,5758000000,1934000000,255000000,462000000,55.78051087984863,0.008013907734056988,0.0050110029959965,0.008479236344113857,0.32615332428765265
2024-06-30,2024-07-31,DD,178000000,0.43,417800000,3171000000,693000000,23335000000,7617000000,6108000000,1503000000,17000000,119000000,55.85208233604595,0.007628026569530748,0.004869641342707849,0.007975308664635975,0.3264195414613242
2024-09-30,2024-11-05,DD,454000000,1.09,417900000,3192000000,979000000,24212000000,7121000000,5476000000,1645000000,591000000,707000000,57.93730557549653,0.018751032545845037,0.012119270708203197,0.01856853943124536,0.2941103584999174
2024-12-31,2025-02-14,DD,-118000000,-0.28,419200000,3092000000,426000000,23350000000,7171000000,5321000000,1850000000,405000000,559000000,55.7013358778626,-0.005053533190578158,-0.0032208756414455727,-0.006283798636171546,0.3071092077087794
2025-03-31,2025-05-02,DD,-589000000,-1.41,418500000,3066000000,-53000000,22834000000,7174000000,5412000000,1762000000,102000000,351000000,54.56152927120669,-0.025794867303144432,-0.01636975070175926,-0.01564740812775933,0.31418060786546376
2025-06-30,2025-08-05,DD,59000000,0.14,418900000,3257000000,686000000,23064000000,7175000000,5338000000,1837000000,224000000,340000000,55.0584865122941,0.00255809920221991,0.0016138296999370879,0.010679999061098983,0.3110908775580992
