date,filingDate,symbol,netIncome,eps,weightedAverageShsOut,revenue,ebitda,totalStockholdersEquity,totalDebt,netDebt,cashAndCashEquivalents,freeCashFlow,operatingCashFlow,bookValuePerShare,ROE,ROA,ROIC,debtToEquity
2015-10-31,2015-12-18,DE,351200000,1.09,323000000,6546500000,973000000,6743400000,36850000000,32687800000,4162200000,1539500000,2548500000,20.877399380804953,0.05208055283684788,0.0060606478956850675,0.0121163570979326,5.464602426075867
2016-01-31,2016-02-25,DE,254400000,0.8,316400000,5368200000,898600000,6590200000,36238200000,32778300000,3459900000,-1488000000,-777600000,20.828697850821744,0.03860277381566569,0.004539922407300995,0.009678473099614122,5.498801250341416
2016-04-30,2016-05-26,DE,495400000,1.57,315100000,7718000000,1311900000,7164300000,37865800000,33732600000,4133200000,-261100000,465200000,22.73659155823548,0.06914841645380568,0.008370604545539029,0.015263595377361019,5.285345393129824
2016-07-31,2016-09-01,DE,488800000,1.55,314300000,6499900000,1302400000,7428400000,37219400000,32898400000,4321000000,951400000,1632300000,23.634743875278396,0.0658015184965807,0.008340386032924732,0.015347061715960994,5.010419471218567
2016-10-31,2016-12-19,DE,285300000,0.91,314600000,6312400000,1034600000,6520000000,35611800000,31276000000,4335800000,1606900000,2444400000,20.724729815638906,0.04375766871165644,0.0049258872381018155,0.01122264113122825,5.461932515337423
2017-01-29,2017-02-24,DE,199000000,0.61,316700000,5353300000,951800000,6825500000,34578400000,30688400000,3890000000,-1280200000,-742400000,21.55194190085254,0.0291553732327302,0.003534849351470604,0.0086546869899174,5.066061094425317
2017-04-30,2017-06-02,DE,808500000,2.51,319200000,7924800000,1823600000,7684700000,35441300000,30915500000,4525800000,-72900000,567400000,24.074874686716793,0.10520905175218291,0.013710640202954783,0.024901503491571983,4.611930198966778
2017-07-30,2017-08-31,DE,641800000,2.0,320800000,7521800000,1542100000,8572200000,37474600000,30937200000,6537400000,313400000,904300000,26.721321695760597,0.07486992837311308,0.010293520919841091,0.020081934745397698,4.371643218776977
2017-10-29,2017-12-18,DE,510300000,1.59,321600000,7816600000,1451300000,9557300000,40044700000,30709800000,9334900000,647200000,1470500000,29.71797263681592,0.05339374091008967,0.007756934194505543,0.01755628990390342,4.189959507392255
2018-01-28,2018-03-01,DE,-535100000,-1.66,322800000,6696800000,1267400000,9252600000,40593600000,36678500000,3915100000,-1838800000,-1296800000,28.6635687732342,-0.05783239305708666,-0.00803724982163644,-0.017907370844807688,4.3872641203553595
2018-04-29,2018-05-31,DE,1208300000,3.73,324200000,10500900000,2175000000,10410300000,41574300000,37372900000,4201400000,-661600000,75100000,32.110734114743984,0.1160677406030566,0.017292802656247764,0.03080396786914349,3.993573672228466
2018-07-29,2018-08-30,DE,910000000,2.81,323500000,10072000000,1975200000,10356300000,42370200000,38446900000,3923300000,-172600000,547000000,32.01329211746523,0.08786921970201712,0.01311426269741649,0.023037953112364215,4.091248805075171
2018-10-28,2018-12-17,DE,784800000,2.45,320300000,9186700000,1783800000,11288000000,42256000000,38352000000,3904000000,1543200000,2495000000,35.24196066187949,0.06952515946137491,0.011194157585439608,0.020817903889276193,3.7434443656980863
2019-01-27,2019-02-28,DE,498000000,1.56,318500000,7756000000,1533000000,11327800000,43056700000,39431000000,3625700000,-2309500000,-1650700000,35.56609105180534,0.043962640583343635,0.007122608991650243,0.014833368334322073,3.800976359045887
2019-04-28,2019-05-30,DE,1135000000,3.57,317900000,11111000000,2337000000,11919500000,44719400000,41235700000,3483700000,-600300000,155900000,37.49449512425291,0.09522211502160326,0.01560575061598029,0.026356590851171105,3.7517848903058013
2019-07-28,2019-08-29,DE,899000000,2.84,315900000,9853000000,1993000000,12266000000,45432000000,42049000000,3383000000,1095800000,1898800000,38.82874327318772,0.07329202674058373,0.012226302189582483,0.021975200878473457,3.7038969509212456
2019-11-03,2019-12-19,DE,721000000,2.3,313900000,9660000000,1710000000,11413000000,45334000000,41477000000,3857000000,1777000000,3008000000,36.35871296591271,0.06317357399456759,0.009875224281272684,0.020046768911858272,3.9721370367125206
2020-02-02,2020-02-27,DE,517000000,1.65,313500000,7426000000,1443000000,11926000000,44899000000,41297000000,3602000000,-1296000000,-508000000,38.0414673046252,0.04335066241824585,0.007198451706325448,0.015507102324977049,3.764799597518028
2020-05-03,2020-05-28,DE,666000000,2.13,313200000,9073000000,1799000000,11864000000,50143000000,41243000000,8900000000,671000000,1284000000,37.87994891443167,0.05613621038435603,0.008612885704678892,0.01748267178101613,4.226483479433581
2020-08-02,2020-08-27,DE,811000000,2.59,313000000,8697000000,2107000000,12888000000,48473000000,40283000000,8190000000,2776000000,3281000000,41.17571884984026,0.06292675356921167,0.010496479602402154,0.01876512106911532,3.7610955927995033
2020-11-01,2020-12-17,DE,758000000,2.41,314100000,9526000000,1898000000,12937000000,46295000000,39229000000,7066000000,2676000000,3426000000,41.187519898121614,0.05859163639174461,0.010094418771890106,0.018617250699689454,3.578495787276803
2021-01-31,2021-02-25,DE,1224000000,3.9,313500000,8885000000,2337000000,14083000000,45965000000,39003000000,6962000000,-305000000,143000000,44.921850079744814,0.08691329972307037,0.016216216216216217,0.02707533339910834,3.2638642334729817
2021-05-02,2021-05-27,DE,1790000000,5.72,312800000,11807000000,3096000000,15092000000,47363000000,40181000000,7182000000,1007000000,1643000000,48.248081841432224,0.11860588391200635,0.022664252522822524,0.03601402942260891,3.1382851842035517
2021-08-01,2021-08-26,DE,1667000000,5.36,311000000,11238000000,2909000000,15731000000,47961000000,40442000000,7519000000,1910000000,2528000000,50.58199356913183,0.1059691055876931,0.02065982550069403,0.032921581278754115,3.04882079969487
2021-10-31,2021-12-16,DE,1283000000,4.15,309100000,11104000000,2304000000,18431000000,48731000000,40714000000,8017000000,2534000000,3412000000,59.62795211905532,0.06961098149856221,0.015253108876049172,0.02451663839386815,2.643969399381477
2022-01-30,2022-02-24,DE,903000000,2.94,307400000,9331000000,1866000000,17804000000,47310000000,42838000000,4472000000,-3137000000,-2553000000,57.918022121014964,0.05071893956414289,0.011342226241615795,0.01782658654648296,2.657268029656257
2022-05-01,2022-05-26,DE,2098000000,6.85,306200000,12830000000,3186000000,18904000000,48866000000,44988000000,3878000000,25000000,791000000,61.73742651861529,0.11098180279305966,0.024946788903554146,0.035143372805565606,2.584955564959797
2022-07-31,2022-09-01,DE,1884000000,6.2,304100000,13846000000,3345000000,19033000000,51228000000,46869000000,4359000000,1217000000,2180000000,62.587964485366655,0.09898597173330531,0.02170081896402778,0.031937662125182384,2.6915357536909577
2022-10-30,2022-12-15,DE,2246000000,7.48,300400000,15276000000,3686000000,20262000000,52201000000,47427000000,4774000000,2806000000,4281000000,67.45006657789614,0.11084789260685027,0.02494723980895257,0.037136244816327005,2.576300463922614
2023-01-29,2023-02-23,DE,1959000000,6.58,297600000,12396000000,3466000000,21332000000,54369000000,50393000000,3976000000,-2058000000,-1246000000,71.68010752688173,0.09183386461653853,0.021381794368041912,0.03251416644981067,2.548706169135571
2023-04-30,2023-06-01,DE,2860000000,9.69,295100000,17158000000,4918000000,22395000000,58393000000,53126000000,5267000000,98000000,1099000000,75.88952897322942,0.12770707747265014,0.029080704037743908,0.04343232646909769,2.6074123688323287
2023-07-30,2023-08-31,DE,2978000000,10.24,290800000,15537000000,4761000000,23048000000,62171000000,55595000000,6576000000,2001000000,3043000000,79.25722145804677,0.1292086081221798,0.028801609331025078,0.044295528647476615,2.697457480041652
2023-10-29,2023-12-15,DE,2369000000,8.3,285500000,15157000000,4332000000,21785000000,63692000000,56234000000,7458000000,4080000000,5693000000,76.3047285464098,0.10874454900160661,0.022759806700164285,0.038050518651022776,2.923663070920358
2024-01-28,2024-02-29,DE,1751000000,6.26,279900000,11846000000,3537000000,22075000000,63459000000,58322000000,5137000000,-1724000000,-908000000,78.86745266166488,0.07932049830124575,0.01727318463860473,0.029587699682634354,2.874699886749717
2024-04-28,2024-05-30,DE,2370000000,8.56,276800000,14997000000,4478000000,22684000000,65907000000,60354000000,5553000000,580000000,1852000000,81.95086705202313,0.104478927878681,0.022437232551974856,0.036142339171408536,2.9054399576794214
2024-07-28,2024-08-29,DE,1734000000,6.32,274500000,12848000000,3748000000,23062000000,66113000000,59109000000,7004000000,2075000000,3195000000,84.01457194899818,0.07518862197554418,0.016079227751968177,0.028567620766987656,2.8667504986557972
2024-10-27,2024-12-12,DE,1245000000,4.57,272600000,10827000000,2909000000,22836000000,65463000000,58139000000,7324000000,3498000000,5092000000,83.77109317681585,0.05451918024172359,0.011600819977636973,0.024575883830305078,2.866657908565423
2025-01-26,2025-02-27,DE,869000000,3.2,271600000,8262000000,2273000000,22479000000,64655000000,58054000000,6601000000,-1923000000,-1132000000,82.76509572901325,0.03865830330530717,0.008427156973981517,0.02076084196423876,2.876240046265403
2025-04-27,2025-05-29,DE,1804000000,6.65,271100000,12525000000,3676000000,24287000000,66601000000,58610000000,7991000000,682000000,1700000000,89.58686831427518,0.07427842055420596,0.016970358315381504,0.028976959256100842,2.7422489397620127
2025-07-27,2025-08-28,DE,1289000000,4.76,270700000,11783000000,2958000000,25175000000,66646000000,58066000000,8580000000,1844000000,2896000000,92.99963058736608,0.05120158887785502,0.011955443019189924,0.022666369337225645,2.6473088381330685
