date,filingDate,symbol,netIncome,eps,weightedAverageShsOut,revenue,ebitda,totalStockholdersEquity,totalDebt,netDebt,cashAndCashEquivalents,freeCashFlow,operatingCashFlow,bookValuePerShare,ROE,ROA,ROIC,debtToEquity
2015-10-30,2015-10-31,DELL,-180000000,-0.25,718435000,12674000000,620000000,1689000000,10467000000,4485000000,5982000000,349000000,459000000,2.35094336996388,-0.10657193605683836,-0.0038945865247306246,-0.015064897336667254,6.197158081705151
2016-01-31,2016-01-31,DELL,-155000000,-0.22,718435000,12679000000,682000000,1572000000,13631000000,7309000000,6322000000,829000000,971000000,2.1880893887408046,-0.09860050890585242,-0.0034351314214795445,-0.0032483374449369267,8.671119592875318
2016-04-29,2016-06-10,DELL,55000000,0.0766,718435000,12241000000,520000000,1442000000,9739000000,3600000000,6139000000,-155000000,-63000000,2.007140520715166,0.03814147018030513,0.00125344697919278,-0.040402518287723906,6.753814147018031
2016-07-29,2016-09-06,DELL,573000000,0.7281,787000000,13071000000,700000000,2244000000,36336000000,29110000000,7226000000,1735000000,1878000000,2.8513341804320205,0.2553475935828877,0.008314469789308724,0.0020902743362397635,16.192513368983956
2016-10-28,2016-12-09,DELL,-2064000000,-2.87,719000000,16247000000,100000000,14067000000,55672000000,46850000000,8822000000,-451000000,-269000000,19.564673157162726,-0.14672638089144807,-0.01642893530310749,-0.017200347718372606,3.957631335750338
2017-02-03,2017-03-31,DELL,-2123000000,-2.7183,781000000,20074000000,282000000,13474000000,49390000000,39916000000,9474000000,272000000,676000000,17.252240717029448,-0.1575627133739053,-0.017960171226502886,-0.019330286259645807,3.6655781505120975
2017-05-05,2017-06-09,DELL,-1171000000,-1.63,718435000,18000000000,965000000,11833000000,49790000000,40236000000,9554000000,-49000000,240000000,16.470522733441438,-0.0989605340995521,-0.01009134781109962,-0.015623989092731074,4.207724161243979
2017-08-04,2017-09-08,DELL,-732000000,-1.02,718435000,19521000000,1535000000,11280000000,49060000000,39847000000,9213000000,1406000000,1816000000,15.70079408714776,-0.06489361702127659,-0.006230105367082574,-0.00725099238373669,4.349290780141844
2017-11-03,2017-12-12,DELL,-846000000,-1.18,718435000,19556000000,1746000000,9881000000,51651000000,39945000000,11706000000,1204000000,1623000000,13.753505884317997,-0.08561886448740007,-0.007145632380019258,-0.0061154392377047225,5.2273049286509465
2018-02-02,2018-03-29,DELL,-511000000,-0.67,767000000,21935000000,1871000000,12103000000,51871000000,37929000000,13942000000,2733000000,3131000000,15.779661016949152,-0.042220936957779065,-0.004114563622748464,-0.0034319587975111454,4.28579690985706
2018-05-04,2018-06-12,DELL,-636000000,-0.83,767000000,21356000000,1887000000,11329000000,51903000000,36579000000,15324000000,797000000,1159000000,14.770534550195567,-0.0561391120134169,-0.0051616254250631,-0.0004866872313185612,4.581428193132669
2018-08-03,2018-09-11,DELL,-499000000,-0.69,766000000,22942000000,2108000000,10619000000,49558000000,34246000000,15312000000,2271000000,2633000000,13.862924281984334,-0.04699124211319333,-0.004044382846629546,0.003886159904214067,4.666917788869008
2018-11-02,2018-12-10,DELL,-876000000,-1.22,766000000,22482000000,1609000000,9687000000,48657000000,33505000000,15152000000,447000000,833000000,12.64621409921671,-0.0904304738309074,-0.00722527857737894,-0.007330596304359359,5.022917311861257
2019-02-01,2019-03-29,DELL,-299000000,-0.42,719000000,23841000000,2323000000,-4569000000,53521000000,43845000000,9676000000,1976000000,2366000000,-6.354659248956884,0.06544101553950536,-0.0026739402611339652,0.01017702228517994,-11.71394178157146
2019-05-03,2019-06-10,DELL,293000000,0.41,717000000,21908000000,2227000000,-4690000000,54662000000,45622000000,9040000000,-34000000,682000000,-6.541143654114365,-0.062473347547974414,0.0026662541404287848,-0.03434299014773949,-11.65501066098081
2019-08-02,2019-09-10,DELL,3416000000,4.75,719000000,23370000000,2104000000,-1425000000,53156000000,43963000000,9193000000,2729000000,3280000000,-1.9819193324061195,-2.3971929824561404,0.029570637119113573,-0.5431480660217318,-37.30245614035088
2019-11-01,2019-12-09,DELL,499000000,0.69,725000000,22844000000,2346000000,-870000000,53727000000,45172000000,8555000000,1212000000,1821000000,-1.2,-0.5735632183908046,0.004271748249353674,0.06676643926804277,-61.755172413793105
2020-01-31,2020-03-27,DELL,408000000,0.56,734000000,24032000000,2256000000,-945000000,53848000000,44546000000,9302000000,2808000000,3508000000,-1.2874659400544959,-0.43174603174603177,0.0034325809138405364,0.07559459645420977,-56.98201058201058
2020-05-01,2020-06-08,DELL,143000000,0.19,740000000,21897000000,2124000000,-1173000000,58078000000,45849000000,12229000000,-1355000000,-796000000,-1.585135135135135,-0.12190963341858482,0.0011893276556106324,0.02420301991331048,-49.51236146632566
2020-07-31,2020-09-04,DELL,1048000000,1.41,741000000,22733000000,2496000000,191000000,55336000000,44115000000,11221000000,2787000000,3332000000,0.25775978407557354,5.486910994764398,0.008641445957980144,0.05734862095427256,289.717277486911
2020-10-30,2020-12-07,DELL,832000000,1.11,747000000,23482000000,3329000000,1410000000,51690000000,40386000000,11304000000,2514000000,2994000000,1.8875502008032128,0.5900709219858156,0.0069946531257356155,0.029588181110369788,36.659574468085104
2021-01-29,2021-03-26,DELL,1227000000,1.64,750000000,26112000000,3539000000,2951000000,41445000000,31937000000,9508000000,5379000000,5877000000,3.9346666666666668,0.41579125720094884,0.009942065389134221,0.05109027459298326,14.0443917316164
2021-04-30,2021-06-07,DELL,887000000,1.17,757000000,22590000000,2377000000,4045000000,48914000000,34670000000,14244000000,1613000000,2238000000,5.343461030383091,0.219283065512979,0.007285301268151653,0.0277122148446601,12.092459826946849
2021-07-30,2021-09-03,DELL,831000000,1.09,763000000,24191000000,2381000000,4825000000,45783000000,34064000000,11719000000,1093000000,1725000000,6.323722149410223,0.1722279792746114,0.006773830678687295,0.025454906582040308,9.488704663212435
2021-10-29,2021-12-03,DELL,3843000000,5.02,766000000,26424000000,6251000000,8954000000,50075000000,27669000000,22406000000,2452000000,3251000000,11.689295039164492,0.42919365646638374,0.02832462392299358,0.11078319328340687,5.592472637927183
2022-01-28,2022-03-24,DELL,2000000,0.0026,763000000,22194000000,35000000,-1685000000,26954000000,17477000000,9477000000,2353000000,3093000000,-2.2083879423328963,-0.0011869436201780415,2.156683021512913e-05,-0.04461861508191172,-15.996439169139466
2022-04-29,2022-06-06,DELL,1072000000,1.42,754000000,26116000000,2216000000,-2462000000,28082000000,21428000000,6654000000,-959000000,-269000000,-3.2652519893899203,-0.4354183590576767,0.012125873809469945,0.0692352757948684,-11.406173842404549
2022-07-29,2022-09-01,DELL,511000000,0.69,751471000,26425000000,1709000000,-2860000000,27837000000,22330000000,5507000000,-83000000,724000000,-3.805868756079742,-0.17867132867132868,0.005756125035201351,0.03949463944125628,-9.733216783216783
2022-10-28,2022-12-05,DELL,245000000,0.34,728000000,24721000000,1587000000,-3469000000,28160000000,23251000000,4909000000,-351000000,396000000,-4.7651098901098905,-0.07062554050158547,0.0028765321936786736,0.02025993015498894,-8.11761314499856
2023-02-03,2023-03-30,DELL,614000000,0.86,716000000,25039000000,2164000000,-3122000000,29588000000,20981000000,8607000000,1955000000,2714000000,-4.360335195530726,-0.19666880204996798,0.006851837386035196,0.04815984511391964,-9.477258167841127
2023-05-05,2023-06-12,DELL,583000000,0.81,724000000,20922000000,1919000000,-3023000000,29323000000,21692000000,7631000000,1076000000,1777000000,-4.175414364640884,-0.19285478001984782,0.006932718148738317,0.04874618636196311,-9.69996692027787
2023-08-04,2023-09-12,DELL,462000000,0.64,726000000,22934000000,1968000000,-2772000000,27993000000,19629000000,8364000000,2590000000,3214000000,-3.8181818181818183,-0.16666666666666666,0.005393541759088468,0.04298266735062061,-10.098484848484848
2023-11-03,2023-12-08,DELL,1006000000,1.39,722000000,22251000000,2374000000,-2664000000,27451000000,19153000000,8298000000,1448000000,2152000000,-3.6897506925207755,-0.37762762762762764,0.01208205226748655,0.08008461727438221,-10.30442942942943
2024-02-02,2024-03-25,DELL,1160000000,1.64,713035000,22318000000,2502000000,-2227000000,25994000000,18628000000,7366000000,806000000,1533000000,-3.1232688437453984,-0.5208801077682982,0.014124637751747314,0.09105252633815314,-11.672204759766503
2024-05-03,2024-06-11,DELL,997000000,1.41,708000000,22244000000,1751000000,-2822000000,25480000000,19650000000,5830000000,447000000,1043000000,-3.9858757062146895,-0.35329553508150247,0.01243297169223095,0.09469738338290751,-9.029057406094967
2024-08-02,2024-09-10,DELL,846000000,1.19,708000000,25026000000,2160000000,-2894000000,24522000000,19972000000,4550000000,658000000,1340000000,-4.0875706214689265,-0.2923289564616448,0.010231354384607013,0.06851428484141815,-8.473393227366966
2024-11-01,2024-12-10,DELL,1132000000,1.61,708000000,24366000000,2485000000,-2285000000,25022000000,19797000000,5225000000,914000000,1553000000,-3.227401129943503,-0.49540481400437636,0.01381313223755659,0.07952018451715212,-10.95054704595186
2025-01-31,2025-03-25,DELL,1533000000,2.2,696130464,23806000000,3089000000,-1482000000,24567000000,20934000000,3633000000,-150000000,585000000,-2.1289112840779225,-1.034412955465587,0.019223534722744715,0.09245674274304587,-16.576923076923077
2025-05-02,2025-06-10,DELL,965000000,1.39,692000000,23378000000,2182000000,-3024000000,28781000000,21081000000,7700000000,2228000000,2796000000,-4.369942196531792,-0.3191137566137566,0.01110868088731308,0.0712558379944989,-9.517526455026456
2025-08-01,2025-09-08,DELL,1164000000,1.68,692000000,29776000000,756000000,-2766000000,28689000000,20544000000,8145000000,1868000000,2543000000,-3.9971098265895955,-0.420824295010846,0.013052839328967435,0.06792946338170773,-10.372017353579176
