date,filingDate,symbol,netIncome,eps,weightedAverageShsOut,revenue,ebitda,totalStockholdersEquity,totalDebt,netDebt,cashAndCashEquivalents,freeCashFlow,operatingCashFlow,bookValuePerShare,ROE,ROA,ROIC,debtToEquity
2015-09-30,2015-10-20,DOV,186098000,1.2,155300000,1787582000,355576000,3566304000,2686248000,2023575000,662673000,161061000,200577000,22.963966516419834,0.05218231536066471,0.02194857303256821,0.037862088030669136,0.7532302349995962
2015-12-31,2016-02-12,DOV,141825000,0.92,154986000,1694600000,293716000,3644575000,2754777000,2392592000,362185000,251374000,294346000,23.515511078419987,0.0389140023185145,0.0164534686162485,0.026962715470972502,0.7558568557376375
2016-03-31,2016-04-21,DOV,99356000,0.64,155064000,1622273000,249546000,3698133000,3016500000,2772780000,243720000,96183000,133413000,23.849075220554095,0.026866529678624324,0.011063039930875486,0.01936268497531103,0.8156818589271938
2016-06-30,2016-07-21,DOV,118290000,0.76,155180000,1686345000,286372000,3713735000,2951223000,2696083000,255140000,172446000,207868000,23.931788890320917,0.03185203036834885,0.01317393785474077,0.02224403659217662,0.7946778647372524
2016-09-30,2016-10-19,DOV,130084000,0.84,155300000,1707763000,301688000,3788900000,3127741000,2612986000,514755000,188549000,231665000,24.397295556986478,0.03433291984480984,0.013990109786935932,0.024109213030138008,0.8255010689118214
2016-12-31,2017-02-10,DOV,161162000,1.04,155376000,1777961000,348866000,3799746000,3621187000,3272041000,349146000,239592000,289029000,24.45516682113068,0.04241388766512288,0.015931409982472305,0.026535926095557043,0.9530076484059724
2017-03-31,2017-04-20,DOV,172247000,1.11,155540000,1813372000,363979000,3953415000,3636388000,3220858000,415530000,35812000,78071000,25.417352449530668,0.04356916741601881,0.016823775959855868,0.027777296065245958,0.9198093294025546
2017-06-30,2017-07-20,DOV,164058000,1.05,155703000,1737371000,278944000,4072434000,3532437000,3230849000,301588000,107542000,155877000,26.155141519431226,0.04028499909390797,0.0159396868939413,0.02313836464975896,0.8674019026459361
2017-09-30,2017-10-19,DOV,178912000,1.15,155757000,1747775000,314681000,4275690000,3469136000,3147097000,322039000,208462000,268017000,27.4510294882413,0.041844006464453694,0.01704997145822275,0.025156597428903745,0.8113628443596238
2017-12-31,2018-02-09,DOV,296448000,1.9,155734000,2017438000,410426000,4383180000,3567804000,2813840000,753964000,273008000,319594000,28.14529903553495,0.06763308830575061,0.02781550497093497,0.04667145445057493,0.8139761542989337
2018-03-31,2018-04-27,DOV,131435000,0.85,154520000,1637671000,238516000,4445622000,3458254000,3091032000,367222000,-23166000,35195000,28.77052808697903,0.029565041742190407,0.01246651819589037,0.018370935977197526,0.777901045118096
2018-06-30,2018-07-19,DOV,139959000,0.92,151744000,1798094000,312865000,2840591000,3259570000,3016756000,242814000,106892000,158578000,18.719626476170394,0.04927108478482119,0.016517902980820637,0.032736107970885546,1.1474971229578634
2018-09-30,2018-10-18,DOV,157305000,1.07,147344000,1747403000,292298000,2747934000,3280582000,3071305000,209277000,202206000,240398000,18.649785535888803,0.05724482465736077,0.018590082216841157,0.0314003237753808,1.193835805372327
2018-12-31,2019-02-15,DOV,141569000,0.97,146007000,1808950000,295252000,2768666000,3163978000,2767757000,396221000,327723000,364161000,18.962556589752545,0.05113256709187746,0.01692240918380386,0.033427343518731334,1.1427806748809715
2019-03-31,2019-04-18,DOV,105705000,0.73,145087000,1724757000,237864000,2837453000,3287222000,3044208000,243014000,-12598000,24524000,19.556907234969362,0.03725348049817918,0.01220906521215106,0.022104847920237824,1.1585115242437496
2019-06-30,2019-07-18,DOV,198085000,1.36,145366000,1810706000,349262000,2955271000,3304193000,2982867000,321326000,154739000,208709000,20.329863929667184,0.06702769390692088,0.022571088359797403,0.03759954026231826,1.1180676831329512
2019-09-30,2019-10-17,DOV,206006000,1.42,145372000,1825345000,356127000,3017643000,3091429000,2750897000,340532000,304681000,350865000,20.758075833035246,0.06826718733793229,0.02376270013003355,0.04006088876864576,1.024451533862687
2019-12-31,2020-02-14,DOV,168122000,1.16,144966000,1775589000,297861000,3032660000,3233549000,2836296000,397253000,311680000,361208000,20.919801884579833,0.055437140991736626,0.019392403947781394,0.03313082964491215,1.0662418470913324
2020-03-31,2020-04-21,DOV,176279000,1.22,144259000,1655939000,309520000,2980681000,3463018000,2954111000,508907000,35691000,75863000,20.662010689107785,0.059140511849473325,0.019708633018319138,0.033496232426375186,1.1618210737747514
2020-06-30,2020-07-22,DOV,124766000,0.87,143955000,1499175000,253143000,3089527000,3505870000,2856838000,649032000,232810000,271809000,21.461755409676634,0.04038352796398931,0.013689288931816115,0.024823091450956573,1.1347594631799625
2020-09-30,2020-10-20,DOV,200300000,1.39,144032000,1748256000,348210000,3246421000,3137716000,2710215000,427501000,294854000,339247000,22.539581481892913,0.06169871375277575,0.022290301181697558,0.03734057903512691,0.9665154334573366
2020-12-31,2021-02-12,DOV,182106000,1.27,143954000,1780390000,321849000,3385773000,3291652000,2778577000,513075000,375763000,417891000,23.51982577767898,0.053785649540001645,0.01989778491738594,0.03332607003436545,0.9722010306066
2021-03-31,2021-04-20,DOV,232769000,1.62,143765000,1867901000,389879000,3499144000,3063374000,2526862000,536512000,145924000,177184000,24.33933154801238,0.06652169787810962,0.025107505824951276,0.04220944210496275,0.8754638277247235
2021-06-30,2021-07-20,DOV,264508000,1.84,143941000,2031676000,421524000,3719304000,3083246000,2481887000,601359000,218102000,260073000,25.83908684808359,0.07111760695011755,0.027467082035306335,0.04617141087571584,0.8289846702501328
2021-09-30,2021-10-19,DOV,263756000,1.83,143976000,2018269000,426863000,3891818000,3060184000,2321040000,739144000,303403000,351329000,27.03101905873201,0.06777192561419881,0.026633995029578462,0.04587951218939941,0.7863122067887038
2021-12-31,2022-02-11,DOV,362785000,2.52,144005000,1989235000,559002000,4189528000,3301950000,2916446000,385504000,276971000,327279000,29.092934273115517,0.08659328688100426,0.0348710118115538,0.0539792373410641,0.7881436763282165
2022-03-31,2022-04-21,DOV,226153000,1.57,144087000,2051901000,381258000,4329776000,3095402000,2805418000,289984000,-26698000,23683000,30.049733841359735,0.05223203232684555,0.021536233482242293,0.034747900519876126,0.7149104249272942
2022-06-30,2022-07-21,DOV,289618000,2.01,143832000,2158715000,437636000,4388523000,3329778000,2814407000,515371000,128577000,178773000,30.51145085933589,0.06599441315449411,0.026798067735123856,0.04344427437916283,0.7587468494525379
2022-09-30,2022-10-20,DOV,286026000,2.01,142506000,2158291000,459336000,3991426000,3631522000,3325520000,306002000,199163000,264625000,28.00882769848287,0.07166010343170587,0.026850999231061042,0.042389397846780114,0.9098307221529348
2022-12-31,2023-02-10,DOV,263579000,1.88,140343000,2139181000,433269000,4286366000,3886675000,3505807000,380868000,283720000,338643000,30.54207192378672,0.061492415719982846,0.024189284669718834,0.037290807609600955,0.9067529464352787
2023-03-31,2023-04-26,DOV,228574000,1.64,139757000,2079023000,398400000,4460561000,3475929000,3203503000,272426000,192909000,241284000,31.916548008328743,0.05124333015510829,0.021155160581398092,0.03338835182594042,0.7792582592189637
2023-06-30,2023-07-25,DOV,242239000,1.73,139862000,2100086000,412618000,4662105000,3422748000,3136971000,285777000,155175000,195254000,33.333607413021404,0.05195914720925419,0.02222052827909627,0.03455952961942559,0.7341636449629513
2023-09-30,2023-10-24,DOV,289753000,2.07,139878000,1958428000,421457000,4832500000,3151703000,2867905000,283798000,340329000,383457000,34.547963225096154,0.05995923435075013,0.026898456708322097,0.03748473801949451,0.6521889291257114
2023-12-31,2024-02-09,DOV,296262000,2.12,139893000,2105757000,440590000,5106605000,3678836000,3280275000,398561000,455340000,516350000,36.50364921761632,0.058015452536469926,0.02610579905931288,0.03863962430974529,0.720407393953517
2024-03-31,2024-04-25,DOV,632221000,4.55,139051000,1883719000,877815000,5152852000,3942457000,3012503000,929954000,122118000,166593000,37.057281141451696,0.12269341327870469,0.05274207554112848,0.07726840559254135,0.7651019280196676
2024-06-30,2024-07-25,DOV,281822000,2.05,137443000,1948782000,422471000,5363623000,3171385000,2842633000,328752000,162790000,203662000,39.02434463741333,0.05254321565852037,0.0249581996075014,0.03321369436451541,0.5912766426723131
2024-09-30,2024-10-24,DOV,347100000,2.53,137251000,1983542000,507126000,5697999000,3387115000,3000349000,386766000,358631000,386910000,41.515172931344765,0.06091612160690095,0.029136306204698544,0.039149608062332704,0.5944393812634927
2024-12-31,2025-02-14,DOV,1435983000,10.47,137735000,1929866000,418617000,6953996000,3153953000,1309076000,1844877000,-62693000,-8786000,50.48822739318256,0.2064975303408285,0.11479451857678694,0.03153830615578563,0.4535454147514609
2025-03-31,2025-04-24,DOV,230821000,1.68,137267000,1866059000,410407000,7137767000,2972802000,1167482000,1805320000,108420000,156612000,51.99914764655744,0.032337984694653106,0.01824881401406707,0.031498373386341816,0.41648907844708294
2025-06-30,2025-07-24,DOV,279064000,2.03,137226000,2049592000,473271000,7441305000,3069143000,1804250000,1264893000,152270000,213202000,54.226640724061035,0.037502024174523155,0.02120340234281093,0.03260432103675025,0.41244687591759777
