date,filingDate,symbol,netIncome,eps,weightedAverageShsOut,revenue,ebitda,totalStockholdersEquity,totalDebt,netDebt,cashAndCashEquivalents,freeCashFlow,operatingCashFlow,bookValuePerShare,ROE,ROA,ROIC,debtToEquity
2015-09-30,2015-11-04,DVN,-3507000000,-8.64,406000004,3601000000,-4477000000,11548000000,11900000000,10113000000,1787000000,360000000,1553000000,28.443349473464536,-0.30368895046761346,-0.10209309772641262,-0.17629040828579995,1.0304814686525805
2015-12-31,2016-02-17,DVN,-4532000000,-10.99,412258985,2886000000,-3149000000,7049000000,13032000000,10722000000,2310000000,-575000000,1081000000,17.098475124805347,-0.6429280749042418,-0.15346065285114452,-0.2696224254515439,1.8487728755851893
2016-03-31,2016-05-04,DVN,-3056000000,-6.45,474000028,2126000000,-3143000000,6410000000,12545000000,10910000000,1635000000,-2227000000,149000000,13.523205952215681,-0.4767550702028081,-0.10671508887104096,-0.19159140263411056,1.9570982839313573
2016-06-30,2016-08-03,DVN,-1570000000,-3.0,522730044,2488000000,-1261000000,4847000000,12707000000,10984000000,1723000000,-165000000,335000000,9.272472580512323,-0.32391169795749947,-0.057627367493760094,-0.08967770065587105,2.6216216216216215
2016-09-30,2016-11-02,DVN,993000000,1.9,524000000,2804000000,1733000000,5840000000,11354000000,8969000000,2385000000,302000000,726000000,11.145038167938932,0.17003424657534247,0.03703427441912505,0.07729279710028121,1.944178082191781
2016-12-31,2017-02-15,DVN,331000000,0.63,524000000,2979000000,1081000000,5927000000,10154000000,8195000000,1959000000,-135000000,536000000,11.311068702290076,0.05584612788932006,0.012773511364951955,0.04284190152480762,1.713176986671166
2017-03-31,2017-05-03,DVN,565000000,1.08,525000000,3315000000,1123000000,6466000000,10381000000,8262000000,2119000000,67000000,834000000,12.316190476190476,0.08738014228270956,0.021619346445243742,0.04766192849967028,1.6054747912155893
2017-06-30,2017-08-02,DVN,425000000,0.81,526000000,2035000000,667000000,6899000000,10558000000,8189000000,2369000000,76000000,810000000,13.115969581749049,0.06160313088853457,0.01584992914149325,0.01853521928991836,1.530366719814466
2017-09-30,2017-11-01,DVN,228000000,0.43,526000000,2077000000,689000000,7129000000,10403000000,7622000000,2781000000,35000000,776000000,13.553231939163497,0.03198204516762519,0.008273159403461664,0.017544922178755577,1.4592509468368635
2017-12-31,2018-02-21,DVN,183000000,0.35,525000000,2540999896,667000000,9254000000,6864000000,4222000000,2642000000,-81000000,725000000,17.626666666666665,0.019775232331964557,0.006051387189577064,0.028198278195310178,0.7417333045169656
2018-03-31,2018-05-02,DVN,-197000000,-0.38,518421053,2239000000,245000000,8905000000,9982000000,8558000000,1424000000,-34000000,804000000,17.177157348198975,-0.022122403144300955,-0.006719879929048983,-0.008228921574675802,1.120943290286356
2018-06-30,2018-08-01,DVN,-425000000,-0.82,521000000,2410000000,-24000000,8014000000,6067000000,4607000000,1460000000,-107000000,505000000,15.381957773512475,-0.05303219366109309,-0.01457525978257142,-0.03271549694178646,0.7570501622161218
2018-09-30,2018-11-07,DVN,2537000000,5.17,491000000,2532000000,395000000,8898000000,6048000000,2946000000,3102000000,236000000,853000000,18.122199592668025,0.2851202517419645,0.12576839183025976,0.008286739965226962,0.6797033041132838
2018-12-31,2019-02-20,DVN,1149000000,2.5,459000000,2097000000,2195000000,9186000000,4454000000,2040000000,2414000000,-78000000,542000000,20.013071895424837,0.12508164598301763,0.05872431769395891,0.1281465149011512,0.4848682778140649
2019-03-31,2019-05-01,DVN,-317000000,-0.74,427491926,406000000,-66000000,7857000000,6151000000,4824000000,1327000000,-182000000,377000000,18.379294489880028,-0.04034618811251114,-0.01753609559108259,-0.024939485154263686,0.7828687794323533
2019-06-30,2019-08-07,DVN,495000000,1.2,415000000,1900000000,666000000,6994000000,4557000000,1087000000,3470000000,116000000,623000000,16.85301204819277,0.07077494995710609,0.029731515406330712,0.025309145743231638,0.6515584786960251
2019-09-30,2019-11-06,DVN,109000000,0.27,397000000,1731000000,641000000,6542000000,4539000000,3164000000,1375000000,-40000000,501000000,16.478589420654913,0.016661571384897586,0.007572599694317076,0.019193144425490874,0.6938245184958728
2019-12-31,2020-02-19,DVN,-642000000,-1.68,383000000,1705000000,428000000,5802000000,4538000000,3074000000,1464000000,160000000,571000000,15.148825065274151,-0.11065149948293691,-0.046803236859371586,-0.0027682997489216505,0.7821440882454326
2020-03-31,2020-05-06,DVN,-1816000000,-4.82,376837416,2605000000,-1636000000,3919000000,4540000000,3013000000,1527000000,-31000000,398000000,10.39971041516748,-0.463383516203113,-0.16295764536970567,-0.2356973197631285,1.1584587905077826
2020-06-30,2020-08-05,DVN,-670000000,-1.78,377000000,162000000,-310000000,3227000000,4541000000,3067000000,1474000000,-201000000,107000000,8.559681697612731,-0.20762317942361327,-0.06469054745582697,-0.09633194078393989,1.4071893399442206
2020-09-30,2020-10-30,DVN,-92000000,-0.25,368965517,960000000,177000000,3023000000,4542000000,2835000000,1707000000,268000000,472000000,8.19317757545348,-0.030433344359907376,-0.008909548711989153,-0.011114511486882117,1.502480979159775
2020-12-31,2021-02-17,DVN,-102000000,-0.27,383000000,1217000000,261000000,2885000000,4544000000,2497000000,2047000000,157000000,377000000,7.532637075718016,-0.03535528596187175,-0.010290556900726392,-0.004932265801831019,1.5750433275563258
2021-03-31,2021-05-05,DVN,213000000,0.33,654000000,2810000000,533000000,8353000000,7528000000,5845000000,1683000000,93000000,592000000,12.77217125382263,0.02549982042379983,0.010412083883267342,-0.031377658825186644,0.9012330899078176
2021-06-30,2021-08-04,DVN,256000000,0.38,677000000,3120000000,930000000,8399000000,6760000000,5412000000,1348000000,584000000,1093000000,12.406203840472674,0.030479819026074533,0.012758534762023424,0.024492776543487457,0.8048577211572806
2021-09-30,2021-11-03,DVN,838000000,1.24,677000000,3801000000,1629000000,8924000000,6748000000,4427000000,2321000000,1114000000,1598000000,13.181683899556868,0.09390407888839086,0.03979674217599848,0.0689214384301796,0.7561631555356343
2021-12-31,2022-02-16,DVN,1506000000,2.24,671000000,4251000000,2325000000,9262000000,6734000000,4635000000,2099000000,1101000000,1616000000,13.80327868852459,0.16259987043835025,0.07162901307966707,0.11443032792314993,0.7270567911898078
2022-03-31,2022-05-03,DVN,989000000,1.51,656000000,4839000000,1837000000,9300000000,6722000000,4247000000,2475000000,1299000000,1837000000,14.176829268292684,0.10634408602150537,0.04541280191018459,0.07845316832622518,0.7227956989247312
2022-06-30,2022-08-02,DVN,1932000000,2.96,652000000,6268000000,3109000000,10090000000,6720000000,3403000000,3317000000,2005000000,2678000000,15.475460122699387,0.19147670961347868,0.08329740450116409,0.14858080498059784,0.666005946481665
2022-09-30,2022-11-02,DVN,1893000000,2.92,649000000,5184000000,3132000000,10873000000,6710000000,5525000000,1185000000,-989000000,2104000000,16.75346687211094,0.17410098408902785,0.08035827991679756,0.11991023493440425,0.6171249885036328
2022-12-31,2023-02-15,DVN,1201000000,1.83,653000000,4352000000,2287000000,11167000000,6697000000,5243000000,1454000000,1090000000,1911000000,17.101071975497703,0.10754902838721232,0.05063024324438262,0.07757461036471644,0.5997134413898093
2023-03-31,2023-05-09,DVN,995000000,1.53,647000000,3759000000,1928000000,10977000000,6678000000,5917000000,761000000,652000000,1677000000,16.965996908809892,0.09064407397285233,0.042485055508112726,0.06368714073372532,0.6083629406941787
2023-06-30,2023-08-02,DVN,690000000,1.08,638000000,3493000000,1628000000,11021000000,6712000000,6340000000,372000000,308000000,1405000000,17.274294670846395,0.06260774884311768,0.029543994861913937,0.04437347462568911,0.6090191452681245
2023-09-30,2023-11-08,DVN,910000000,1.43,637000000,4041000000,1815000000,11639000000,6452000000,5691000000,761000000,820000000,1725000000,18.271585557299844,0.07818541111779362,0.03753970545769564,0.0576431173618348,0.5543431566285764
2023-12-31,2024-02-28,DVN,1152000000,1.81,635000000,3821000000,2167000000,12061000000,6450000000,5575000000,875000000,825000000,1745000000,18.993700787401576,0.09551446812038802,0.04703960800326664,0.06983637251838658,0.5347815272365476
2024-03-31,2024-05-02,DVN,596000000,0.95,629000000,3403000000,1579000000,12167000000,6448000000,5299000000,1149000000,836000000,1738000000,19.343402225755167,0.048984959316183116,0.023860997677956602,0.038908405974464676,0.5299580833401825
2024-06-30,2024-08-07,DVN,844000000,1.35,626000000,3832000000,1898000000,12551000000,6455000000,5286000000,1169000000,516000000,1546000000,20.049520766773163,0.06724563779778504,0.03354264366902472,0.05208221027164796,0.5143016492709744
2024-09-30,2024-11-06,DVN,812000000,1.31,622000000,4129000000,1965000000,14277000000,9212000000,8536000000,676000000,-2816000000,1663000000,22.95337620578778,0.056874693563073474,0.02683144433797046,0.03980034303089948,0.6452335924914198
2024-12-31,2025-02-19,DVN,639000000,0.98,623000000,4203000000,1950000000,14496000000,9203000000,8357000000,846000000,622000000,1664000000,23.26805778491172,0.04408112582781457,0.02095837843156548,0.03330223394656948,0.6348647902869757
2025-03-31,2025-05-07,DVN,494000000,0.77,643000000,4374000000,1691000000,14545000000,8957000000,7723000000,1234000000,1000000000,1942000000,22.620528771384137,0.03396356136129254,0.015972581479565442,0.02756395354980505,0.6158129941560674
2025-06-30,2025-08-06,DVN,899000000,1.4158,635000000,4048000000,2205000000,15060000000,8991000000,7232000000,1759000000,589000,1545000,23.716535433070867,0.059694555112881804,0.02863969417011787,0.045741913028748644,0.597011952191235
