date,filingDate,symbol,netIncome,eps,weightedAverageShsOut,revenue,ebitda,totalStockholdersEquity,totalDebt,netDebt,cashAndCashEquivalents,freeCashFlow,operatingCashFlow,bookValuePerShare,ROE,ROA,ROIC,debtToEquity
2015-09-30,2015-09-30,EG,88553000,2.02,43838119,1332119000,91410000,7486320000,638367000,237141000,401226000,270204000,270204000,170.77192568412892,0.011828642109875078,0.004084112620651922,0.012716055643945727,0.08527113454941813
2015-12-31,2015-12-31,EG,357281000,8.32,42942428,1561952000,464712000,7608585000,632958000,349300000,283658000,320838000,320838000,177.18106204893678,0.04695761432644835,0.0166749781517233,0.04962474863772257,0.08318997553421563
2016-03-31,2016-03-31,EG,171686000,4.03,42601985,1242046000,186295000,7840299000,638369000,309426000,328943000,375476000,375476000,184.03600207830692,0.021897889353454505,0.008232029242245366,0.022164375426952713,0.08142151211324976
2016-06-30,2016-06-30,EG,155692000,3.7,42078919,1427884000,195372000,7985468000,633067000,203780000,429287000,308090000,308090000,189.77360136081444,0.019496916148183174,0.007315605665304416,0.01993765482301395,0.07927738236506614
2016-09-30,2016-09-30,EG,295394000,7.11,41546273,1510456000,329780000,8041092000,633122000,197327000,435795000,277182000,277182000,193.5454475062059,0.03673555780732269,0.013635825225607325,0.036849362960160094,0.07873582344288561
2016-12-31,2016-12-31,EG,373572000,9.14,40872210,1613960000,424625000,8075396000,633176000,151254000,481922000,422274000,422274000,197.57669086159032,0.046260517750460785,0.017520902840625126,0.046397087857566445,0.0784080433950236
2017-03-31,2017-03-31,EG,291643000,7.12,40961096,1484778000,347377000,8347876000,633231000,164991000,468240000,381812000,381812000,203.80011316103455,0.03493619215235109,0.013141243528970661,0.035166547315413875,0.07585534332325972
2017-06-30,2017-06-30,EG,245674000,5.98,41082609,1530611000,283592000,8584798000,633285000,164080000,469205000,252550000,252550000,208.96428461980105,0.02861733030876207,0.010908231462446915,0.028901953041551298,0.07376818883799013
2017-09-30,2017-09-30,EG,-639374000,-15.73,40646790,1725471000,-896801000,7969331000,633340000,47945000,585395000,409856000,409856000,196.0629855395715,-0.08022931912352492,-0.026711514647499993,-0.1446085500122928,0.07947216648423813
2017-12-31,2017-12-31,EG,571025000,13.92,41021911,1867211000,702619000,8369232000,633395000,-1672000,635067000,118475000,118475000,204.01857924171304,0.06822908003984117,0.02420439278203199,0.0689605671405046,0.07568137673803284
2018-03-31,2018-03-31,EG,210318000,5.14,40917899,1745157000,225061000,8344180000,633449000,-67137000,700586000,195640000,195640000,203.92493759271463,0.025205352712908878,0.008944679404705341,0.026275849907614664,0.07591506894625955
2018-06-30,2018-06-30,EG,69895000,1.71,40874269,1892939000,68491000,8241349000,633504000,14011000,619493000,-62992000,-62992000,201.6268229775559,0.008481014455279105,0.0029262051625887006,0.009543427791845756,0.07686896890302788
2018-09-30,2018-09-30,EG,198381000,5.04,40796230,1936463000,197372000,8329013000,633558000,-6203000,639761000,410981000,410981000,204.16134039836524,0.023818068239297982,0.008126752780535316,0.024829781022109358,0.07606639586227083
2018-12-31,2018-12-31,EG,-382274000,-9.5,40239368,1794697000,-694314000,7860797000,633613000,-22482000,656095000,66440000,66440000,195.35090610767048,-0.04863043785509281,-0.01541800497773675,-0.048215484929238224,0.08060416774533168
2019-03-31,2019-03-31,EG,354551000,8.57,40711785,1965836000,422175000,8426629000,707197000,123223000,583974000,459802000,459802000,206.9825481737045,0.042075069402011174,0.013833163737260444,0.04223203374043657,0.08392406975553332
2019-06-30,2019-06-30,EG,332868000,8.42,40719121,2008727000,380779000,8884160000,702914000,41547000,661367000,393709000,393709000,218.18152705211884,0.03746758275402514,0.012614470078226707,0.03813790941734548,0.07911991679573534
2019-09-30,2019-09-30,EG,104398000,2.56,40780469,2042520000,100927000,8983258000,633777000,-83395000,717172000,633352000,633352000,220.28334200864634,0.011621396157162579,0.003863195698922662,0.01272740565729319,0.07055090703172502
2019-12-31,2019-12-31,EG,217644000,5.34,40757303,2314384000,226799000,9132925000,633832000,-174204000,808036000,365139000,365139000,224.08070033485777,0.023830700460148308,0.007965290359032049,0.02515029336387951,0.0694007670050942
2020-03-31,2020-03-31,EG,16612000,0.41,40204000,1982016000,-36039000,8580944000,682187000,-135439000,817626000,505989000,505989000,213.43508108645906,0.001935917540074845,0.0006102274144041441,-0.010159518530320313,0.07950022748079931
2020-06-30,2020-06-30,EG,190880000,4.78,39449000,2244515000,244320000,9286299000,620759000,-301720000,922479000,598597000,598597000,235.4001115364141,0.02055501335892803,0.00667767648343649,0.021895285396504278,0.06684675994171628
2020-09-30,2020-09-30,EG,243057000,6.08,39483000,2610184000,279149000,9591292000,710813000,-228068000,938881000,1086022000,1086022000,242.92206772535016,0.02534142428361059,0.008060782753253927,0.026591298177545988,0.07411024500140335
2020-12-31,2020-12-31,EG,63602000,1.61,39519000,2761399000,134242000,9726176000,1910392000,1108741000,801651000,682971000,682971000,246.1139198866368,0.0065392606508457175,0.0019397739264581022,0.006599998247687823,0.19641758487611163
2021-03-31,2021-03-31,EG,341862000,8.53,39543000,2743773000,388734000,9682882000,1910577000,777917000,1132660000,904366000,904366000,244.8696861644286,0.03530581081128532,0.010175871948000426,0.03405015317415353,0.19731491099447457
2021-06-30,2021-06-30,EG,679982000,16.97,39527000,3076690000,775788000,10416789000,1910762000,804417000,1106345000,723596000,723596000,263.53603865712046,0.0652775053809768,0.019224792858682498,0.061842057213874854,0.183430997786362
2021-09-30,2021-09-30,EG,-73000000,-1.88,39161000,2925000000,-72000000,9978635000,1910948000,842507000,1068441000,1163038000,1163038000,254.8105257781977,-0.007315629843159911,-0.0019942033153657435,-0.005595107664741351,0.1915039481852979
2021-12-31,2021-12-31,EG,430707000,11.0,39161000,3120377000,523428000,10140000000,3089000000,1648000000,1440861000,1042801000,1042801000,258.9310793902097,0.04247603550295858,0.011279397876925517,0.03824441677247667,0.30463510848126235
2022-03-31,2022-03-31,EG,298000000,7.67,38800000,2896000000,326000000,9527629000,3088946000,1310728000,1778218000,846000000,846000000,245.55744845360826,0.03127745633252512,0.007844834026741196,0.02967997079310988,0.32420930747828236
2022-06-30,2022-06-30,EG,122000000,3.15,38900000,2837000000,143000000,8852866000,3089319000,973270000,2116049000,716000000,716000000,227.58010282776348,0.013780847919758414,0.0032183477477501243,0.014919907684649054,0.34896258454606677
2022-09-30,2022-09-30,EG,-319000000,-8.22,38800000,3073000000,-376000000,7649000000,3084000000,1405000000,1679000000,1118000000,1118000000,197.13917525773195,-0.041704798012812135,-0.008363045302013422,-0.033036472216851284,0.4031899594718264
2022-12-31,2022-12-31,EG,496000000,12.72,39000000,3255000000,595000000,8441000000,3084000000,1686000000,1398000000,1015000000,1015000000,216.43589743589743,0.05876081033052956,0.012410548966621629,0.05130615826885873,0.3653595545551475
2023-03-31,2023-03-31,EG,365000000,9.3,38700000,3286000000,440000000,9013000000,3085000000,1475000000,1610000000,1064000000,1064000000,232.89405684754522,0.040497059802507486,0.008723917875666244,0.03753122148935852,0.3422833684677688
2023-06-30,2023-06-30,EG,670000000,16.27,40700000,3652000000,783000000,10903000000,3085000000,1018000000,2067000000,1094000000,1094000000,267.8869778869779,0.06145097679537742,0.014999552252171576,0.05867628554651456,0.28294964688617813
2023-09-30,2023-09-30,EG,678000000,15.64,42900000,3992000000,759000000,11226000000,3085000000,1320000000,1765000000,1378000000,1378000000,261.67832167832165,0.0603955104222341,0.01463793773478993,0.056575471231385746,0.2748084803135578
2023-12-31,2023-12-31,EG,804000000,18.53,43400000,3656000000,306000000,13202000000,3386000000,1949000000,1437000000,1017000000,1017000000,304.19354838709677,0.060899863657021665,0.017318628295709116,0.05969902976701208,0.25647629147098927
2024-03-31,2024-05-03,EG,733000000,16.87,42900000,4080000000,869000000,13628000000,3386000000,1842000000,1544000000,1102000000,1102000000,317.6689976689977,0.05378632227766363,0.015296965649651488,0.04948916326885784,0.24845905488699735
2024-06-30,2024-08-02,EG,724000000,16.71,42800000,4133000000,869000000,14183000000,5735000000,4165000000,1570000000,1337000000,1337000000,331.3785046728972,0.05104702813227103,0.014671016636608645,0.0412141440693599,0.4043573291969259
2024-09-30,2024-11-05,EG,509000000,11.8,42600000,4251000000,615000000,15336000000,5737000000,4138000000,1599000000,1738000000,1738000000,360.0,0.03318988002086594,0.009111413432622083,0.027858768808573634,0.3740871152842984
2024-12-31,2025-02-27,EG,-593000000,-13.96,42700000,4614000000,-711000000,13876000000,5937000000,4388000000,1549000000,780000000,780000000,324.9648711943794,-0.04273565869126549,-0.010525194795974512,-0.03086219405932245,0.42786105505909483
2025-03-31,2025-05-02,EG,210000000,4.9,42700000,4238000000,286000000,14140000000,5937000000,4370000000,1567000000,928000000,928000000,331.1475409836066,0.01485148514851485,0.0036124681758755934,0.013031054526045837,0.41987270155586986
2025-06-30,2025-08-01,EG,680000000,16.1,42236025,4404000000,853000000,15020000000,3588000000,1686000000,1902000000,1079000000,1079000000,355.6205869278655,0.045272969374167776,0.011236140716138734,0.04260179106143856,0.2388814913448735
