date,filingDate,symbol,netIncome,eps,weightedAverageShsOut,revenue,ebitda,totalStockholdersEquity,totalDebt,netDebt,cashAndCashEquivalents,freeCashFlow,operatingCashFlow,bookValuePerShare,ROE,ROA,ROIC,debtToEquity
2015-09-30,2015-10-27,EIX,449000000,1.29,326000000,3763000000,1153000000,11600000000,12406000000,12272000000,134000000,128000000,1065000000,35.58282208588957,0.038706896551724136,0.008757558026136142,0.021772949914946795,1.0694827586206896
2015-12-31,2016-02-23,EIX,-50000000,-0.15,326000000,2341000000,869000000,11368000000,11873000000,11712000000,161000000,585000000,1676000000,34.87116564417178,-0.004398311048557354,-0.0009938382031405286,-0.003163089183737251,1.0444229415904294
2016-03-31,2016-05-02,EIX,311000000,0.86,326000000,2440000000,972000000,11439000000,11901000000,11764000000,137000000,-98000000,853000000,35.08895705521472,0.027187691231751028,0.006163419806179274,0.018059045124510797,1.040388145816942
2016-06-30,2016-07-28,EIX,311000000,0.86,326000000,2777000000,929000000,11557000000,12341000000,12230000000,111000000,-301000000,576000000,35.45092024539877,0.026910097776239508,0.00607457468211028,0.02001644907433784,1.0678376741368867
2016-09-30,2016-11-01,EIX,452000000,1.29,326000000,3767000000,1268000000,11814000000,12045000000,11961000000,84000000,126000000,1071000000,36.239263803680984,0.038259691890976805,0.008766995752274182,0.023747295224309926,1.0195530726256983
2016-12-31,2017-02-21,EIX,377000000,1.06,326000000,2884000000,1101000000,11996000000,12463000000,12367000000,96000000,-205000000,756000000,36.79754601226994,0.031427142380793596,0.0073462070578148445,0.02021594741044056,1.0389296432144048
2017-03-31,2017-05-01,EIX,393000000,1.11,326000000,2463000000,1024000000,12051000000,12938000000,12788000000,150000000,-60000000,879000000,36.966257668711656,0.03261140154344038,0.007595670660997294,0.022596430100757972,1.0736038503028795
2017-06-30,2017-07-27,EIX,309000000,0.85,326000000,2965000000,1016000000,12146000000,12809000000,12711000000,98000000,-256000000,554000000,37.25766871165644,0.025440474230199243,0.005857486778003147,0.018331242768336378,1.054585871891981
2017-09-30,2017-10-30,EIX,502000000,1.44,326000000,3672000000,1133000000,12416000000,13129000000,13012000000,117000000,346000000,1257000000,38.08588957055215,0.04043170103092784,0.009367069711897298,0.027091198678621992,1.0574259020618557
2017-12-31,2018-02-22,EIX,-515000000,-1.58,326000000,3220000000,520000000,11671000000,14516000000,13425000000,1091000000,-271000000,897000000,35.80061349693251,-0.044126467312141204,-0.009794598706732598,-0.0005006656790864257,1.24376660097678
2018-03-31,2018-05-01,EIX,248000000,0.67,326000000,2564000000,860000000,11696000000,13916000000,13811000000,105000000,-278000000,859000000,35.877300613496935,0.021203830369357045,0.004774464316654794,0.01713162282187382,1.1898084815321477
2018-06-30,2018-07-26,EIX,306000000,0.85,326000000,2815000000,1064000000,11779000000,14624000000,14525000000,99000000,-551000000,453000000,36.1319018404908,0.02597843620001698,0.005793260128739114,0.018385246971265964,1.2415315391798964
2018-09-30,2018-10-30,EIX,544000000,1.57,326000000,4269000000,1380000000,12096000000,14811000000,14740000000,71000000,-136000000,946000000,37.104294478527606,0.04497354497354497,0.01015626458562814,0.02634942754656258,1.2244543650793651
2018-12-31,2019-02-28,EIX,-1400000000,-4.29,326000000,3009000000,-1540000000,10459000000,15431000000,15287000000,144000000,-367000000,919000000,32.08282208588957,-0.13385600917869778,-0.024684827647006965,-0.05077161753211953,1.4753800554546324
2019-03-31,2019-04-30,EIX,308000000,0.85,326000000,2824000000,888000000,10526000000,17627000000,17299000000,328000000,-864000000,210000000,32.28834355828221,0.02926087782633479,0.00523871889510656,0.02202541393916057,1.6746152384571538
2019-06-30,2019-07-25,EIX,422000000,1.2,326000000,2812000000,894000000,10720000000,18317000000,18060000000,257000000,-773000000,388000000,32.88343558282209,0.03936567164179104,0.00708993464491524,0.023656811092974774,1.7086753731343283
2019-09-30,2019-10-29,EIX,502000000,1.36,347000000,3741000000,1173000000,13160000000,19251000000,18704000000,547000000,-2677000000,-1415000000,37.92507204610951,0.03814589665653496,0.00781785336074254,0.022778318269311242,1.4628419452887538
2019-12-31,2020-02-27,EIX,173000000,0.4,360000000,2970000000,816000000,13303000000,19586000000,19518000000,68000000,-870000000,510000000,36.952777777777776,0.013004585431857476,0.0026870864527352364,0.01620714114253838,1.472299481320003
2020-03-31,2020-04-30,EIX,213000000,0.5,363000000,2790000000,855000000,13351000000,21984000000,20647000000,1337000000,-953000000,315000000,36.77961432506887,0.015953861133997452,0.003226001878048042,0.01719252979313421,1.6466182308441315
2020-06-30,2020-07-30,EIX,318000000,0.85,375000000,2987000000,1085000000,14253000000,21414000000,20890000000,524000000,-936000000,310000000,38.008,0.022311092401599664,0.004742658573324783,0.01634458433465348,1.5024205430435698
2020-09-30,2020-10-27,EIX,-242000000,-0.64,378000000,4644000000,212000000,13748000000,22850000000,22758000000,92000000,-937000000,446000000,36.370370370370374,-0.017602560372417805,-0.0035299609078709377,-0.003782531813482133,1.6620599359906896
2020-12-31,2021-02-25,EIX,526000000,1.39,378000000,3157000000,1345000000,14048000000,24147000000,24060000000,87000000,-1395000000,192000000,37.164021164021165,0.03744305239179954,0.007582309865651848,0.019923093205636577,1.7188923690205011
2021-03-31,2021-04-27,EIX,290000000,0.68,379000000,2960000000,1013000000,15322000000,24665000000,24276000000,389000000,-1286000000,72000000,40.42744063324538,0.018927033024409345,0.004113183462165804,0.013580380461432675,1.6097767915415742
2021-06-30,2021-07-29,EIX,318000000,0.84,380000000,3315000000,1209000000,15412000000,27174000000,27090000000,84000000,-2681000000,-1446000000,40.55789473684211,0.020633272774461458,0.004468677102948203,0.013087057249684892,1.7631715546327538
2021-09-30,2021-11-02,EIX,-297000000,-0.78,378888888,5299000000,538000000,14841000000,28692000000,28168000000,524000000,-397000000,958000000,39.16979481330157,-0.02001212856276531,-0.004067211700423155,-0.0017157915442723001,1.9332929047907823
2021-12-31,2022-02-24,EIX,571000000,1.38,380000000,3331000000,1234000000,15888000000,29533000000,29143000000,390000000,-981000000,574000000,41.810526315789474,0.03593907351460222,0.007639306977055321,0.01946051362148051,1.8588242698892246
2022-03-31,2022-05-03,EIX,136000000,0.36,381000000,3968000000,951000000,15731000000,29982000000,29751000000,231000000,-415000000,792000000,41.28871391076115,0.008645349945966562,0.0018201284796573877,0.012071523614551626,1.905918250588011
2022-06-30,2022-07-28,EIX,267000000,0.63,381000000,4008000000,1171000000,15774000000,31054000000,30932000000,122000000,-1055000000,446000000,41.40157480314961,0.01692658805629517,0.003557865280831501,0.011918287123595444,1.9686826423228097
2022-09-30,2022-11-01,EIX,-74000000,-0.19,382000000,5228000000,802000000,15392000000,31861000000,31629000000,232000000,-577000000,920000000,40.29319371727749,-0.004807692307692308,-0.0009646847175689945,0.000247219775691647,2.069971413721414
2022-12-31,2023-02-23,EIX,470000000,1.09,382208498,4016000000,1549000000,15621000000,33096000000,32182000000,914000000,-515000000,1058000000,40.87036285624398,0.030087702451827666,0.006022475365512999,0.016169415999034407,2.118686383714231
2023-03-31,2023-05-02,EIX,365000000,0.81,383000000,3966000000,1415000000,15648000000,34647000000,33811000000,836000000,-1414000000,-90000000,40.85639686684073,0.02332566462167689,0.0046288076698709005,0.014427801938669526,2.214148773006135
2023-06-30,2023-07-27,EIX,380000000,0.92,383000000,3964000000,1547000000,15793000000,34711000000,34516000000,195000000,-585000000,802000000,41.234986945169716,0.0240612929779016,0.004776809845256502,0.015057725862863159,2.197872475147217
2023-09-30,2023-11-01,EIX,212000000,0.4,383000000,4702000000,1287000000,15670000000,34768000000,34322000000,446000000,554000000,1834000000,40.91383812010444,0.013529036375239311,0.0026445786138416245,0.013956095409127895,2.218761965539247
2023-12-31,2024-02-22,EIX,421000000,0.98,383924912,3706000000,1601000000,15501000000,35311000000,34966000000,345000000,-602000000,855000000,40.37508251092599,0.027159538094316496,0.005149343183541672,0.01562431480139432,2.277982065673182
2024-03-31,2024-04-30,EIX,52000000,-0.03,385000000,4078000000,1090000000,15172000000,36653000000,35661000000,992000000,-236000000,1043000000,39.407792207792205,0.003427366200896388,0.0006220170097728442,-0.006422831689624625,2.4158317954126023
2024-06-30,2024-07-25,EIX,460000000,1.14,385000000,4336000000,1795000000,15424000000,37503000000,37038000000,465000000,-1092000000,329000000,40.06233766233766,0.02982365145228216,0.0054233771133485814,0.017901354219633688,2.4314704356846475
2024-09-30,2024-10-29,EIX,577000000,1.33,387000000,5201000000,1851000000,15663000000,36599000000,36399000000,200000000,961000000,2472000000,40.47286821705426,0.03683840898933793,0.006808339921415002,0.01927915999974985,2.336653259273447
2024-12-31,2025-02-27,EIX,408000000,0.88,386000000,3984000000,1635000000,15565000000,37761000000,37568000000,193000000,-326000000,1170000000,40.32383419689119,0.02621265660134918,0.004767524743219715,0.016422636433211738,2.4260199164792806
2025-03-31,2025-04-29,EIX,1492000000,3.73,385000000,3811000000,2983000000,16622000000,39560000000,38242000000,1318000000,-184000000,1224000000,43.17402597402597,0.0897605582962339,0.016874010404885773,0.03141387287929215,2.379978341956443
2025-06-30,2025-07-31,EIX,398000000,0.89,385000000,4543000000,1714000000,16686000000,39526000000,39386000000,140000000,-831000000,882000000,43.34025974025974,0.023852331295696992,0.004481325932014457,0.016414163932087313,2.3688121778736666
