date,filingDate,symbol,netIncome,eps,weightedAverageShsOut,revenue,ebitda,totalStockholdersEquity,totalDebt,netDebt,cashAndCashEquivalents,freeCashFlow,operatingCashFlow,bookValuePerShare,ROE,ROA,ROIC,debtToEquity
2015-09-30,2015-11-02,EL,309300000,0.83,372500000,2834700000,554000000,3490400000,2066200000,1657700000,408500000,-81700000,8200000,9.370201342281879,0.08861448544579417,0.036710423244000284,0.06269536590369966,0.5919665367866147
2015-12-31,2016-02-05,EL,446200000,1.21,369600000,3124800000,737000000,3603800000,1981700000,1113600000,868100000,820600000,954100000,9.750541125541126,0.1238137521505078,0.05199193670546836,0.09773902447833004,0.5498917808979411
2016-03-31,2016-05-03,EL,265600000,0.72,369100000,2656500000,491000000,3811800000,1925300000,1369000000,556300000,242900000,353900000,10.327282579246816,0.06967836717561257,0.030126016582920273,0.05393350304945093,0.5050894590482187
2016-06-30,2016-08-24,EL,93500000,0.25,368800000,2646300000,258700000,3572000000,2242000000,1328000000,914100000,281600000,472500000,9.685466377440347,0.026175811870100783,0.010137369488144157,0.022155760943450894,0.6276595744680851
2016-09-30,2016-11-02,EL,294000000,0.8,366400000,2865000000,530000000,3657000000,2500000000,1836000000,664000000,-235000000,-150000000,9.98089519650655,0.08039376538146022,0.031450577663671375,0.0566947601707384,0.6836204539239814
2016-12-31,2017-02-02,EL,428000000,1.17,366900000,3208000000,734000000,3793000000,4033000000,2771000000,1262000000,851000000,974000000,10.337966748432816,0.1128394410756657,0.038173385658223334,0.06791082673166769,1.0632744529396256
2017-03-31,2017-05-03,EL,298000000,0.81,367000000,2857000000,554000000,4119000000,3896000000,2757000000,1139000000,320000000,428000000,11.223433242506813,0.07234765719834911,0.02603757099169943,0.046631591134208936,0.9458606457878126
2017-06-30,2017-08-25,EL,229000000,0.62,368100000,2894000000,366000000,4384000000,3572000000,2436000000,1136000000,360000000,548000000,11.909807117631079,0.05223540145985402,0.019795988934993083,0.03893776474421636,0.8147810218978102
2017-09-30,2017-11-01,EL,427000000,1.16,368400000,3274000000,707000000,4731000000,3935000000,2491000000,1444000000,-23000000,93000000,12.842019543973942,0.09025575988163179,0.03499426323553516,0.06290231376602257,0.8317480448108222
2017-12-31,2018-02-02,EL,123000000,0.33,368700000,3744000000,851000000,4565000000,3787000000,1682000000,2105000000,1210000000,1357000000,12.381339842690535,0.026944140197152244,0.00975880672802285,0.020937586273295245,0.8295728368017524
2018-03-31,2018-05-02,EL,372000000,1.01,367900000,3370000000,646000000,4711000000,3659000000,1519000000,2140000000,376000000,481000000,12.805110084262028,0.07896412651241774,0.02912621359223301,0.06415930979133226,0.7766928465293993
2018-06-30,2018-08-24,EL,186000000,0.51,367200000,3295000000,435000000,4688000000,3544000000,1363000000,2181000000,381000000,642000000,12.766884531590414,0.03967576791808874,0.014800668417283362,0.03487850081459574,0.7559726962457338
2018-09-30,2018-10-31,EL,500000000,1.36,366800000,3524000000,799000000,4406000000,3544000000,2101000000,1443000000,-247000000,-119000000,12.011995637949836,0.11348161597821153,0.0398628717212788,0.0812914807264312,0.8043576940535633
2018-12-31,2019-02-05,EL,573000000,1.58,363300000,4005000000,920000000,4306000000,3391000000,1515000000,1876000000,1228000000,1392000000,11.852463528764106,0.13307013469577333,0.04520353423792994,0.10376201049675386,0.7875058058522991
2019-03-31,2019-05-01,EL,555000000,1.53,361900000,3744000000,894000000,4588000000,3399000000,497000000,2902000000,334000000,483000000,12.67753523072672,0.12096774193548387,0.042920114453638546,0.11435933017654482,0.7408456843940715
2019-06-30,2019-08-23,EL,157000000,0.43,361800000,3590000000,384000000,4386000000,3412000000,425000000,2987000000,458000000,761000000,12.122719734660032,0.035795713634290925,0.011933718455457586,0.03812243508124701,0.7779297765617875
2019-09-30,2019-10-31,EL,595000000,1.65,361400000,3895000000,935000000,4530000000,6096000000,3837000000,2259000000,-295000000,-170000000,12.534587714443829,0.13134657836644592,0.03855874538267125,0.0744805721726331,1.3456953642384106
2019-12-31,2020-02-06,EL,557000000,1.55,360200000,4624000000,993000000,4574000000,7871000000,4275000000,3596000000,1259000000,1425000000,12.698500832870627,0.12177525142107565,0.03105313040084741,0.06636750667696503,1.7208132925229558
2020-03-31,2020-05-01,EL,-6000000,-0.0167,360200000,3345000000,282000000,4329000000,8860000000,3984000000,4876000000,513000000,690000000,12.018323153803443,-0.001386001386001386,-0.00032674399607907203,-0.000733790448694816,2.0466620466620467
2020-06-30,2020-08-28,EL,-462000000,-1.28,359885117,2430000000,-392000000,3935000000,8789000000,3767000000,5022000000,180000000,335000000,10.93404482186464,-0.11740787801778907,-0.02598279061920027,-0.05476821518935727,2.2335451080050825
2020-09-30,2020-11-02,EL,523000000,1.44,362100000,3562000000,872000000,4452000000,8094000000,3827000000,4267000000,242000000,358000000,12.294946147473073,0.11747529200359388,0.02921298106462604,0.06766622101886716,1.8180592991913747
2020-12-31,2021-02-05,EL,873000000,2.4,363000000,4853000000,1233000000,5421000000,8084000000,2539000000,5545000000,1486000000,1620000000,14.933884297520661,0.16104039845047038,0.04455218167899974,0.11477545494462603,1.4912377790075633
2021-03-31,2021-05-03,EL,456000000,1.25,363600000,3864000000,782000000,5528000000,8528000000,2129000000,6399000000,663000000,799000000,15.203520352035204,0.0824891461649783,0.02291457286432161,0.06424907567112356,1.5426917510853835
2021-06-30,2021-08-27,EL,1018000000,2.81,362900000,3936000000,1268000000,6057000000,8099000000,3141000000,4958000000,603000000,854000000,16.69054836042987,0.16807000165098235,0.04633380365026626,0.1147640791476408,1.337130592702658
2021-09-30,2021-11-02,EL,692000000,1.91,362200000,4392000000,1122000000,6081000000,7992000000,3997000000,3995000000,-286000000,-81000000,16.789066813914964,0.11379707284986022,0.03206672845227062,0.07219109009923268,1.3142575234336458
2021-12-31,2022-02-03,EL,1088000000,3.02,360600000,5539000000,1611000000,6218000000,7956000000,3353000000,4603000000,1673000000,1927000000,17.243483083749307,0.1749758764876166,0.0492798260712021,0.11733180534256792,1.2795110968156964
2022-03-31,2022-05-03,EL,558000000,1.55,359200000,4245000000,926000000,6150000000,7793000000,3957000000,3836000000,-76000000,123000000,17.121380846325167,0.09073170731707317,0.026124818577648767,0.05999982266561449,1.2671544715447154
2022-06-30,2022-08-24,EL,52000000,0.15,357900000,3561000000,271000000,5590000000,7645000000,3688000000,3957000000,689000000,1071000000,15.618887957530037,0.009302325581395349,0.0024868483978957435,0.010104548394050441,1.3676207513416816
2022-09-30,2022-11-02,EL,489000000,1.37,357900000,3930000000,857000000,5517000000,7494000000,4556000000,2938000000,-802000000,-650000000,15.414920368818105,0.08863512778684067,0.02446345490019511,0.05217990815545727,1.358346927678086
2022-12-31,2023-02-02,EL,394000000,1.1,357700000,4620000000,765000000,5902000000,7477000000,3752000000,3725000000,1134000000,1401000000,16.499860218059826,0.06675703151474077,0.01900535430032319,0.045142377385352754,1.266858691968824
2023-03-31,2023-05-03,EL,156000000,0.44,357900000,3751000000,527000000,5877000000,9462000000,3931000000,5531000000,25000000,266000000,16.42078792958927,0.026544155181214904,0.006867708562623817,0.01907699254253088,1.610005104645227
2023-06-30,2023-08-18,EL,-33000000,-0.0921,358300000,3609000000,247000000,5585000000,10169000000,6140000000,4029000000,-1915000000,714000000,15.587496511303376,-0.0059086839749328554,-0.0014093529788597053,0.002899786780383796,1.8207699194270368
2023-09-30,2023-11-01,EL,31000000,0.0865,358400000,3518000000,344000000,5342000000,10132000000,7042000000,3090000000,-703000000,-408000000,14.905133928571429,0.005803070011231749,0.001368653421633554,0.00891051567239636,1.896667914638712
2023-12-31,2024-02-05,EL,313000000,0.87,358700000,4279000000,822000000,5712000000,10201000000,6262000000,3939000000,1113000000,1345000000,15.924170616113743,0.054796918767507,0.01344328480006872,0.03216796314944422,1.785889355742297
2024-03-31,2024-05-01,EL,330000000,0.92,359100000,3940000000,786000000,5744000000,9840000000,6139000000,3701000000,359000000,534000000,15.995544416597047,0.05745125348189415,0.014537444933920705,0.03364421767930048,1.713091922005571
2024-06-30,2024-08-19,EL,-284000000,-0.79,359400000,3871000000,23000000,5314000000,9826000000,6431000000,3395000000,672000000,889000000,14.785754034501947,-0.05344373353406097,-0.01310144392674263,-0.016408415996435607,1.849077907414377
2024-09-30,2024-10-31,EL,-156000000,-0.43,359600000,3361000000,120000000,5084000000,10010000000,7660000000,2350000000,-811000000,-670000000,14.137931034482758,-0.03068450039339103,-0.007318102922550077,-0.005984515589035363,1.9689221085759245
2024-12-31,2025-02-04,EL,-590000000,-1.64,360000000,4004000000,-353000000,4169000000,9383000000,6797000000,2586000000,925000000,1057000000,11.580555555555556,-0.1415207483809067,-0.0298582995951417,-0.04635306331458073,2.2506596306068603
2025-03-31,2025-05-01,EL,159000000,0.44,360300000,3550000000,532000000,4345000000,9382000000,6751000000,2631000000,162000000,284000000,12.0593949486539,0.03659378596087457,0.007995574776224479,0.019502373850843784,2.1592635212888376
2025-06-30,2025-08-20,EL,-546000000,-1.51,360700000,3407000000,-123000000,3865000000,9439000000,6518000000,2921000000,394000000,601000000,10.715275852509011,-0.14126778783958602,-0.027448220390106574,-0.04010991017425081,2.4421733505821477
