date,filingDate,symbol,netIncome,eps,weightedAverageShsOut,revenue,ebitda,totalStockholdersEquity,totalDebt,netDebt,cashAndCashEquivalents,freeCashFlow,operatingCashFlow,bookValuePerShare,ROE,ROA,ROIC,debtToEquity
2015-09-30,2015-10-28,ELV,654800000,2.51,261300000,19901600000,1265200000,23236100000,16259600000,14711800000,1547800000,164800000,343400000,88.92499043245311,0.028180288430502538,0.010504430854920784,0.019772643851563087,0.6997559831469137
2015-12-31,2016-02-19,ELV,180900000,0.69,261238188,20187900000,785300000,23044100000,15864500000,13751000000,2113500000,719200000,949100000,88.21106966183673,0.00785016555213699,0.002931083091101757,0.00727676780000341,0.68844085904852
2016-03-31,2016-04-27,ELV,703000000,2.67,262840916,20288500000,1724400000,23547100000,15803700000,14127700000,1676000000,1186800000,1304300000,89.58688912802297,0.029855056461305214,0.011008680101536675,0.02132068425695432,0.6711527109495437
2016-06-30,2016-07-27,ELV,780600000,2.97,263000000,21456200000,1859800000,24233600000,15570300000,13987600000,1582700000,528300000,662000000,92.14296577946769,0.032211474976891585,0.012184956589336056,0.023041871500891487,0.6425087481843391
2016-09-30,2016-11-02,ELV,617800000,2.35,263200000,21403900000,1537700000,24744200000,15610200000,13064200000,2546000000,799100000,963500000,94.0129179331307,0.024967467123608766,0.009593182598109625,0.01882619277760388,0.6308629901148552
2016-12-31,2017-02-22,ELV,368400000,1.4,263747395,21714400000,1068300000,25100400000,15726900000,11651600000,4075300000,106700000,274700000,95.16833332135849,0.014677056939331645,0.005660455632875508,0.012722464347996917,0.6265597360998231
2017-03-31,2017-04-26,ELV,1009900000,3.82,264400000,22525900000,1970700000,26091900000,17142700000,10370300000,6772400000,2560300000,2688200000,98.68343419062028,0.0387054986413408,0.014648226446292979,0.03199343855048548,0.6570123294968937
2017-06-30,2017-07-26,ELV,855300000,3.23,264600000,22407200000,1614400000,26431700000,16292400000,11731200000,4561200000,223500000,393100000,99.89304610733183,0.03235887211189594,0.012534145397845177,0.025941722094127977,0.6163962212040844
2017-09-30,2017-10-25,ELV,747000000,2.87,257404755,22426000000,1492500000,25948300000,16230700000,10133500000,6097200000,2186000000,2404700000,100.80738407493676,0.028788013087562576,0.01093545737879868,0.0234781537577774,0.6255014779388245
2017-12-31,2018-02-21,ELV,1230700000,4.8,256084913,22680300000,515300000,26503000000,19932000000,16323000000,3609000000,-1578500000,-1301200000,103.49301600598392,0.046436252499717015,0.017446838673093282,0.06659074622674549,0.7520658038712599
2018-03-31,2018-04-25,ELV,1312000000,5.13,255800000,22537000000,2234000000,27012400000,19885900000,15255300000,4630600000,1996700000,2214900000,105.59968725566848,0.0485702862389125,0.017898947345444227,0.034248905710746326,0.7361767188402364
2018-06-30,2018-07-25,ELV,1054000000,4.07,258700000,22944000000,1982000000,28725000000,19285600000,14603600000,4682000000,227900000,542200000,111.03594897564747,0.03669277632724108,0.014172876825060443,0.027431146898107987,0.6713872932985204
2018-09-30,2018-10-31,ELV,960000000,3.7,259500000,23251000000,1718000000,29094000000,19419000000,15159000000,4260000000,251400000,606900000,112.11560693641619,0.032996494122499484,0.012895426153536168,0.024977154309579818,0.6674572076716849
2018-12-31,2019-02-20,ELV,425000000,1.65,257354383,23373000000,1020000000,28541000000,19211000000,15277000000,3934000000,143000000,463000000,110.90155010105268,0.014890858764584283,0.005938159310335192,0.013075178620557308,0.6731018534739498
2019-03-31,2019-04-24,ELV,1551000000,6.03,257100000,24666000000,2421000000,29998000000,19342000000,14860000000,4482000000,1396000000,1630000000,116.67833527810191,0.05170344689645976,0.02081236665190612,0.03790002408055766,0.6447763184212281
2019-06-30,2019-07-24,ELV,1139000000,4.44,256700000,25466000000,1934000000,30793000000,19296000000,15218000000,4078000000,1216000000,1437000000,119.95714842228283,0.036988926054622805,0.015016281921134857,0.027889781824966212,0.626635923748904
2019-09-30,2019-10-23,ELV,1183000000,4.64,255200000,26674000000,1975000000,31332000000,20230000000,16040000000,4190000000,1396000000,1667000000,122.7742946708464,0.03775692582663092,0.015203896721458957,0.028075259550645455,0.6456657730116175
2019-12-31,2020-02-19,ELV,934000000,3.69,252922161,27407000000,1534000000,31728000000,20085000000,15148000000,4937000000,976000000,1327000000,125.44570975731936,0.02943772062531518,0.012058926058383794,0.023372752140243352,0.6330370650529501
2020-03-31,2020-04-29,ELV,1523000000,6.03,252400000,29621000000,2553000000,31693000000,21683000000,16338000000,5345000000,2311000000,2515000000,125.56656101426307,0.04805477550247689,0.018483234019830336,0.03465339158503216,0.6841573849114947
2020-06-30,2020-07-29,ELV,2276000000,9.02,252200000,29264000000,3636000000,34455000000,21476000000,15448000000,6028000000,5277000000,5510000000,136.61776367961934,0.0660571760267015,0.025870692006910976,0.04851966005540109,0.6233057611377159
2020-09-30,2020-10-28,ELV,222000000,0.88,251000000,31158000000,895000000,33921000000,20843000000,16859000000,3984000000,-1456000000,-1150000000,135.14342629482073,0.006544618377995932,0.002564280268902904,0.0065970348425740954,0.6144571209575189
2020-12-31,2021-02-18,ELV,551000000,2.25,245401430,31824000000,1092000000,33199000000,20035000000,14294000000,5741000000,3535000000,3813000000,135.28446024132785,0.016596885448356878,0.00636148473128211,0.015228430769175632,0.6034820325913431
2021-03-31,2021-04-21,ELV,1665000000,6.8,245000000,32385000000,2650000000,33853000000,23234000000,13908000000,9326000000,2301000000,2505000000,138.17551020408163,0.04918323339142764,0.01740121024633425,0.037982626730891686,0.6863202670368949
2021-06-30,2021-07-21,ELV,1793000000,7.33,244500000,33851000000,2867000000,34968000000,23241000000,17983000000,5258000000,1398000000,1683000000,143.01840490797545,0.051275451841683826,0.018658230746017045,0.0369758494135133,0.6646362388469458
2021-09-30,2021-10-20,ELV,1509000000,6.2,243400000,35822000000,2548000000,35737000000,22785000000,17295000000,5490000000,2246000000,2504000000,146.8241577649959,0.042225144807902175,0.015388537630022436,0.03117463997235684,0.637574502616336
2021-12-31,2022-02-16,ELV,1137000000,4.7,241770746,36581000000,1960000000,36060000000,23031000000,18151000000,4880000000,1332000000,1672000000,149.1495584002541,0.031530782029950084,0.011666324646008619,0.023716852404757075,0.638685524126456
2022-03-31,2022-04-20,ELV,1789000000,7.41,241400000,38095000000,2865000000,35975000000,23255000000,17094000000,6161000000,2287000000,2541000000,149.026512013256,0.049728978457261985,0.01780347511096073,0.03644433876745941,0.6464211257817929
2022-06-30,2022-07-20,ELV,1637000000,6.8,240700000,38632000000,2723000000,35812000000,23588000000,17132000000,6456000000,2157000000,2452000000,148.78271707519735,0.0457109348821624,0.01622768321817659,0.03388799261944903,0.658661901038758
2022-09-30,2022-10-19,ELV,1603000000,6.69,239600000,39939000000,2791000000,35991000000,23772000000,14900000000,8872000000,4619000000,4924000000,150.21285475792988,0.044538912505904256,0.01555917923630928,0.034544917330573965,0.6604984579478202
2022-12-31,2023-02-15,ELV,949000000,3.64,237958067,39929000000,1856000000,36243000000,24114000000,16727000000,7387000000,-1816000000,-1518000000,152.30834767202913,0.02618436663631598,0.009235560313366746,0.0217425153834501,0.6653422729906465
2023-03-31,2023-04-19,ELV,1989000000,8.37,237500000,42172000000,3332000000,37356000000,25466000000,15324000000,10142000000,6168000000,6469000000,157.28842105263158,0.05324445872149052,0.01824101247248716,0.041686779892167014,0.681711103972588
2023-06-30,2023-07-19,ELV,1853000000,7.83,236600000,43672000000,3135000000,38205000000,25124000000,15133000000,9991000000,1600000000,1950000000,161.47506339814032,0.04850150503860751,0.016973838487468855,0.038517563756596124,0.6576102604371156
2023-09-30,2023-10-18,ELV,1289000000,5.48,235300000,42849000000,2339000000,38423000000,24844000000,13925000000,10919000000,2294000000,2613000000,163.29366765830855,0.03354761470993936,0.01166748130849581,0.02872253209360961,0.646591885068839
2023-12-31,2024-02-21,ELV,856000000,3.67,233071088,42647000000,1684000000,39306000000,25120000000,18594000000,6526000000,-3297000000,-2971000000,168.64382595579593,0.021777845621533606,0.007858401880141011,0.018065871951882313,0.6390881799216405
2024-03-31,2024-04-18,ELV,2246000000,9.65,232700000,42577000000,3535000000,40608000000,26451000000,20225000000,6226000000,1699000000,1978000000,174.50795015040825,0.05530929866036249,0.02007256868107316,0.040303535266566576,0.6513741134751773
2024-06-30,2024-07-17,ELV,2300000000,9.91,232200000,43646000000,3601000000,42191000000,27686000000,21189000000,6497000000,124000000,447000000,181.70111972437553,0.054513995875897704,0.02035614401529366,0.03970916554523825,0.6562062999217843
2024-09-30,2024-10-17,ELV,1016000000,4.36,233027522,45145000000,2002000000,43775000000,27148000000,19282000000,7866000000,2345000000,2677000000,187.85334721106463,0.02320959451741862,0.008718560407781488,0.019478370885399113,0.6201713306681896
2024-12-31,2025-02-20,ELV,418000000,1.84,227479695,45442000000,1344000000,41315000000,31232000000,22944000000,8288000000,384000000,706000000,181.62060574241582,0.010117390778167736,0.0035760422280967413,0.01003308753041849,0.7559482028319012
2025-03-31,2025-04-22,ELV,2183000000,9.64,226400000,48891000000,3514000000,42503000000,30003000000,22503000000,7500000000,821000000,1017000000,187.73409893992934,0.051361080394325104,0.018234670096978708,0.037728944929161456,0.705903112721455
2025-06-30,2025-07-17,ELV,1743000000,7.72,225800000,49776000000,3013000000,43722000000,30186000000,21626000000,8560000000,1787000000,2054000000,193.63153232949512,0.039865513928914506,0.01429414948580426,0.03065846634920401,0.6904075751337999
