date,filingDate,symbol,netIncome,eps,weightedAverageShsOut,revenue,ebitda,totalStockholdersEquity,totalDebt,netDebt,cashAndCashEquivalents,freeCashFlow,operatingCashFlow,bookValuePerShare,ROE,ROA,ROIC,debtToEquity
2015-09-30,2015-11-05,EQR,196692000,0.54,363579000,696289000,517945000,10478534000,10803319000,10765953000,37366000,319976000,388299000,28.82051493623119,0.018770946393837154,0.008548553849213545,0.015087656787050282,1.0309952709033534
2015-12-31,2016-02-25,EQR,204486000,0.56,363828000,703193000,468939000,10470368000,10968498000,10926222000,42276000,229836000,293153000,28.778345811757205,0.019529972585490787,0.008830293374088754,0.013402326572005645,1.0475752141663024
2016-03-31,2016-05-05,EQR,3587758000,9.84,364592000,619083000,390361000,11063772000,8583818000,8215769000,368049000,152029000,201382000,30.345624698292887,0.32427982066152483,0.16842912627083842,0.011234950354388103,0.7758491407812814
2016-06-30,2016-08-04,EQR,218839000,0.6,365047000,595154000,493034000,11160578000,8510994000,8013151000,497843000,216952000,273694000,30.57298923152361,0.01960821383982084,0.010308045408739608,0.016453734836259164,0.7625943745924271
2016-09-30,2016-11-02,EQR,208316000,0.57,365109000,606074000,386945000,10115505000,8498787000,7981201000,517586000,279664000,344245000,27.705438649827858,0.02059373209740888,0.00978112986990547,0.011408273182135484,0.8401742671275433
2016-12-31,2017-02-23,EQR,277250000,0.76,365256000,605489000,399517000,10229078000,8987258000,8910051000,77207000,233485000,292168000,28.005229209102655,0.027104104592808854,0.013391036424198668,0.01154387919272687,0.8785990291598128
2017-03-31,2017-05-04,EQR,143742000,0.39,366605000,604100000,381427000,10280276000,8929925000,8887786000,42139000,256080000,303904000,28.041832490009682,0.013982309424377322,0.006974943830987244,0.010499305702871118,0.8686464254461651
2017-06-30,2017-08-04,EQR,196041000,0.53,366820000,612480000,388424000,10290505000,8964089000,8926370000,37719000,196456000,255209000,28.053282263780602,0.019050668553195396,0.0094996868424145,0.01079485929876047,0.8711029244920439
2017-09-30,2017-11-01,EQR,138229000,0.38,366996000,624122000,399782000,10259269000,8992272000,8945707000,46565000,350402000,411023000,27.954716127696216,0.013473572044947842,0.006678428606511609,0.011160185969234055,0.8765022147289442
2017-12-31,2018-02-22,EQR,125442000,0.3,367442000,630704000,415027000,10242464000,8957291000,8906644000,50647000,239549000,302754000,27.87504966770266,0.01224724831837339,0.006098120915195518,0.011150587892476747,0.8745250166366219
2018-03-31,2018-05-03,EQR,211809000,0.58,367800000,633016000,390964000,10289172000,8659477000,8615024000,44453000,321392000,361018000,27.974910277324632,0.02058562146691687,0.010391010146748385,0.010228959095920287,0.8416106757667187
2018-06-30,2018-08-02,EQR,113602000,0.31,367930000,639808000,408382000,10208437000,8772769000,8738262000,34507000,272993000,324436000,27.745595629603457,0.011128246175198024,0.005566929336818876,0.011286776604752184,0.8593645628610922
2018-09-30,2018-10-30,EQR,214937000,0.58,368028000,652867000,417837000,10235424000,8823793000,8790798000,32995000,303985000,358737000,27.811536078776616,0.020999325479823798,0.010463218309670605,0.011659882074382762,0.8620837788449214
2018-12-31,2019-02-21,EQR,117187000,0.32,368445000,652743000,418949000,10173204000,8817939000,8770497000,47442000,258659000,312104000,27.611187558522982,0.011519183140336122,0.005746091942080225,0.011391611411303541,0.8667809079617395
2019-03-31,2019-05-06,EQR,104539000,0.28,369558000,662494000,414205000,10046886000,9234907000,9205516000,29391000,337307000,373545000,27.18622246034452,0.010405114579781237,0.005033460991098624,0.01088350235659437,0.9191810278329027
2019-06-30,2019-08-02,EQR,308968000,0.83,370342000,669374000,434778000,10153529000,9412041000,9160768000,251273000,267793000,317228000,27.416628413736493,0.03042961713114721,0.01471927272973269,0.01212007717811252,0.9269723856601976
2019-09-30,2019-10-30,EQR,267106000,0.72,370768000,685120000,449251000,10182636000,9325248000,9296471000,28777000,353805000,403407000,27.46363224442239,0.026231518046996867,0.012686676619459927,0.01219493462116934,0.9157990131435514
2019-12-31,2020-02-20,EQR,289764000,0.78,371155000,683895000,445573000,10315506000,9368290000,9322537000,45753000,307817000,362804000,27.79298675755412,0.02809013925250007,0.013685692220984416,0.01186648008172753,0.9081755175170273
2020-03-31,2020-05-07,EQR,308606000,0.83,371582000,682305000,426530000,10530367000,8963417000,8881082000,82335000,337759000,382451000,28.339281773605826,0.029306291034301084,0.014752201768719228,0.011028228468833787,0.8511970190592597
2020-06-30,2020-08-03,EQR,260888000,0.7,371795000,653532000,418599000,10597673000,8751994000,8564578000,187416000,216424000,252635000,28.50407617100822,0.02461747970521453,0.01259418861285262,0.011088292447788296,0.8258411068165624
2020-09-30,2020-10-30,EQR,91286000,0.25,371869000,622433000,383040000,10517480000,8726414000,8548081000,178333000,361848000,399238000,28.282755486475075,0.008679455534976059,0.004426207204061215,0.00954260734325269,0.8297057850359592
2020-12-31,2021-02-18,EQR,252856000,0.68,371915000,613435000,378846000,10525651000,8373386000,8330795000,42591000,183261000,231212000,28.301227430999017,0.024022837162280986,0.012464009394046629,0.009375134892128647,0.795521911186301
2021-03-31,2021-04-30,EQR,57539000,0.15,372280000,597602000,335565000,10314800000,8354394000,8318941000,35453000,313016000,346053000,27.70710218115397,0.005578295265056036,0.0028528413509534304,0.007258884108809534,0.809942412843681
2021-06-30,2021-07-30,EQR,316386000,0.85,373812000,598059000,353779000,10433991000,8565071000,8525579000,39492000,187448000,230072000,27.91240249109178,0.030322625350165628,0.015460352361126029,0.008069441167863298,0.8208815782954001
2021-09-30,2021-10-29,EQR,431951000,1.15,374308000,623206000,373023000,10662557000,8458009000,8418302000,39707000,356427000,402088000,28.486051593874564,0.04051101438426074,0.02090454853756821,0.008255707494757038,0.7932439657766894
2021-12-31,2022-02-17,EQR,526974000,1.41,374897000,645130000,396332000,10954948000,8653788000,8529956000,123832000,234646000,281971000,29.22122076196929,0.04810374271059981,0.024893381864753678,0.00893095451550644,0.7899433205890161
2022-03-31,2022-04-29,EQR,70765000,0.19,375509000,653348000,379801000,10813867000,8471444000,8430304000,41140000,330783000,368056000,28.79789033019182,0.006543912552281252,0.0033972249091548984,0.007756613924892887,0.7833871084229166
2022-06-30,2022-07-29,EQR,224101000,0.59,375769000,687030000,425843000,10890089000,8278556000,8233546000,45010000,273539000,322818000,28.980807357711786,0.020578436044002946,0.010892254407126933,0.010551583783715672,0.7601917670277993
2022-09-30,2022-10-28,EQR,323025000,0.86,375850000,695099000,431589000,11044727000,7807739000,7762951000,44788000,367786000,429354000,29.38599707330052,0.029246988178159586,0.015939725852999236,0.011557057966467431,0.7069200533431022
2022-12-31,2023-02-16,EQR,159020000,0.42,377689000,699703000,459690000,11173439000,7734470000,7680601000,53869000,250407000,334528000,29.583702464196733,0.014231965646386936,0.0078651666498337,0.01284222095748512,0.6922192889762946
2023-03-31,2023-04-28,EQR,212035000,0.56,378341000,705088000,413209000,11137288000,7626948000,7493488000,133460000,333894000,393279000,29.43716911463468,0.01903829729463762,0.010547679430933207,0.010579918348839068,0.6848119578123507
2023-06-30,2023-08-02,EQR,139203000,0.37,378642000,717309000,439903000,11023866000,7756782000,7721081000,35701000,268817000,352701000,29.11421870790879,0.01262742126945302,0.006909802072687467,0.011632055408042638,0.7036353671207541
2023-09-30,2023-11-02,EQR,172508000,0.45,378853000,724067000,449859000,11061865000,7792038000,7752788000,39250000,345014000,442544000,29.198303827605958,0.01559483866418547,0.008578657042440005,0.011948297319411227,0.7044054506179563
2023-12-31,2024-02-15,EQR,311692000,0.82,379247000,727500000,465565000,11085828000,7702090000,7651347000,50743000,251533000,344274000,29.23115542113715,0.028116257982714506,0.015557713160116686,0.01263839866602079,0.6947690330393003
2024-03-31,2024-05-02,EQR,295787000,0.78,378812000,730818000,436083000,11067672000,7520151000,7475616000,44535000,343827000,421031000,29.216793554586445,0.026725313146251532,0.014867555572444393,0.0113344803011365,0.6794699915212522
2024-06-30,2024-08-01,EQR,177483000,0.47,378578000,734163000,449952000,10975887000,7466365000,7428067000,38298000,313022000,396937000,28.992405792201343,0.016170264872442656,0.008973047338546524,0.012233675242923125,0.680251627954989
2024-09-30,2024-11-04,EQR,143446000,0.39,378756000,748348000,461210000,10853975000,8671764000,8643154000,28610000,320157000,401414000,28.656905765189197,0.01321598769114541,0.006854975964861785,0.011428703150863792,0.79894821943113
2024-12-31,2025-02-13,EQR,419115000,1.1,380936063,766779000,479873000,11044560000,8426642000,8364340000,62302000,277912000,354225000,28.993211913359854,0.037947641191681696,0.02011670631946279,0.010939981721617685,0.7629676510426853
2025-03-31,2025-04-30,EQR,256592000,0.69,379208000,760810000,451014000,11047330000,8151032000,8111183000,39849000,358718000,425525000,29.13263960675935,0.023226607696158256,0.012478829462919432,0.010123901264669924,0.7378282354197802
2025-06-30,2025-08-06,EQR,192356000,0.51,389837000,768827000,523611000,11008221000,8674673000,8643397000,31276000,274302000,359545000,28.23800973227272,0.017473849771002962,0.009147824131754235,0.013847213552975541,0.7880177005894049
