date,filingDate,symbol,netIncome,eps,weightedAverageShsOut,revenue,ebitda,totalStockholdersEquity,totalDebt,netDebt,cashAndCashEquivalents,freeCashFlow,operatingCashFlow,bookValuePerShare,ROE,ROA,ROIC,debtToEquity
2015-09-30,2015-10-29,ERIE,49562000,1.06,53191545,1303000000,44000000,750000000,0,-618000000,618000000,31000000,50000000,14.099985251415427,0.06608266666666666,0.0027359646701628484,0.2658160552897395,0.0
2015-12-31,2016-02-25,ERIE,29678000,0.65,52280374,360543000,0,769503000,0,-182889000,182889000,62122000,29678000,14.718773817494114,0.03856775087296606,0.021088669334667333,0.0,0.0
2016-03-31,2016-04-28,ERIE,45895000,0.99,52752934,377957000,70224000,784867000,0,-105282000,105282000,-25258000,-21762000,14.878167724282406,0.05847487536104843,0.03423405816992684,0.0675338625778968,0.0
2016-06-30,2016-07-28,ERIE,61309000,1.32,52400854,429174000,93163000,815194000,0,-124111000,124111000,57548000,72244000,15.556883862999637,0.07520786463099581,0.04333324380524531,0.08871438018298816,0.0
2016-09-30,2016-10-27,ERIE,57376000,1.23,52638580,424455000,86581000,838929000,0,-139813000,139813000,101911000,105069000,15.93753098962776,0.06839196165587315,0.038636646767877765,0.08206935615834854,0.0
2016-12-31,2017-02-23,ERIE,45786000,0.88,46570195,385848000,57328000,816910000,24766000,-164306000,189072000,83992000,98785000,17.54147690384376,0.05604778984221028,0.02955928351695175,0.05735737609140326,0.030316681152146502
2017-03-31,2017-05-01,ERIE,47876000,1.03,52289322,405689000,73120000,829858000,24753000,-85665000,110418000,-38673000,-35122000,15.870506027980245,0.05769179787385312,0.03213076731032002,0.06447915709740229,0.02982799466896746
2017-06-30,2017-07-27,ERIE,58527000,1.26,52281690,454866000,87236500,853214000,49742000,-94967000,144709000,68192000,74613000,16.319556617240185,0.06859592083580439,0.037344350683533,0.07740955105499896,0.058299559078964946
2017-09-30,2017-10-26,ERIE,58543000,1.26,52289770,449373000,80836000,875150000,49734000,-134894000,184628000,72779000,80843000,16.736543304742018,0.06689481803119465,0.03588449144890767,0.07942031168420606,0.056829115008855624
2017-12-31,2018-02-22,ERIE,32053000,0.69,52556755,407621000,57753000,857344000,74728000,-140993000,215721000,65901000,76792000,16.312727070002705,0.03738639332636608,0.019241124248810974,0.04504801061307821,0.08716221260077635
2018-03-31,2018-04-26,ERIE,65758000,1.41,52288734,578515000,81703750,840155000,74726000,-44901000,119627000,-48921000,-40230000,16.06761028102153,0.07826889085942475,0.04179154941035008,0.08323750538680569,0.08894311168772429
2018-06-30,2018-07-26,ERIE,79706000,1.71,52438192,627884000,99459750,880188000,99725000,-98687000,198412000,72393000,81823000,16.785246905537857,0.09055565401936859,0.04824015372743641,0.10259890286569302,0.11329965870927575
2018-09-30,2018-10-25,ERIE,80446000,1.73,52289748,619785000,96695000,921023000,99727000,-144961000,244688000,102175000,132721000,17.613835125003853,0.08734418141566497,0.045720865494403816,0.10436273467749475,0.10827851204584467
2018-12-31,2019-02-21,ERIE,62314000,1.34,52363737,582646000,76813000,973672000,99730000,-166687000,266417000,81641000,89271000,18.59439481945301,0.06399896474377409,0.035040799582978836,0.0777751729378542,0.10242668989146242
2019-03-31,2019-05-02,ERIE,75311000,1.62,52299305,605048000,88625000,1013804000,99273000,-212772000,312045000,6829000,24240000,19.384655302780793,0.0742855621007611,0.041852093077018836,0.08518219773987237,0.09792129445139297
2019-06-30,2019-07-25,ERIE,87754000,1.88,52289801,656958000,97912000,1063454000,98774000,-239488000,338262000,73327000,90176000,20.337694534350973,0.08251790862604307,0.046439361425705435,0.0974635923555822,0.09288036906156731
2019-09-30,2019-10-24,ERIE,94169000,2.02,52316111,649059000,105907000,1119271000,98305000,-246567000,344872000,89347000,123450000,21.394384609360586,0.08413422665288389,0.047690648137831845,0.09600572355505375,0.0878294890156182
2019-12-31,2020-02-27,ERIE,59587000,1.28,52289847,605540000,69302000,1133253000,97821000,-238918000,336739000,92985000,126661000,21.672524687249513,0.05258049173485532,0.029553525373963416,0.06664829622600872,0.0863187655360277
2020-03-31,2020-05-07,ERIE,59326000,1.27,52324350,611247000,85691000,1116992000,97342000,-131304000,228646000,-1009000,20077000,21.347460599128322,0.05311228728585343,0.030307132643641637,0.06742551296902743,0.08714655073626311
2020-06-30,2020-07-30,ERIE,81977000,1.76,52288619,670901000,97715000,1194139000,96847000,-160891000,257738000,90865000,107205000,22.837455316997374,0.06864946208104751,0.03935788321928348,0.07028127016065425,0.08110194876810824
2020-09-30,2020-10-29,ERIE,89216000,1.92,52289849,666304000,102140000,1247217000,96358000,-119997000,216355000,92333000,107196000,23.85199085199118,0.0715320589761044,0.0413162898697844,0.06789448178926757,0.077258408119838
2020-12-31,2021-02-25,ERIE,62785000,1.35,52320310,620904000,66323250,1188048000,95864000,-65376000,161240000,104878000,108117000,22.70720490761618,0.05284719135927168,0.02965582521933077,0.05644160184118585,0.08069034247774501
2021-03-31,2021-04-29,ERIE,73566000,1.58,52289690,648165000,80372750,1208133000,95364000,-39828000,135192000,22336000,33482000,23.104612018162662,0.06089230242034611,0.03504648186983171,0.05107525908757622,0.07893501791607381
2021-06-30,2021-07-29,ERIE,79029000,1.7,52337086,696448000,85065000,1245102000,94859000,-61179000,156038000,77187000,94238000,23.790052048369677,0.06347190832558297,0.03652587948849256,0.05615929462625075,0.07618572614934359
2021-09-30,2021-10-28,ERIE,90223000,1.94,52305245,708437000,96713000,1286856000,94348000,-141648000,235996000,126418000,136318000,24.602809909407746,0.0701111857115326,0.04034011190409549,0.06494636301183072,0.07331667257253337
2021-12-31,2022-02-24,ERIE,55042000,1.18,52201754,648259000,70877000,1342478000,93832000,-89870000,183702000,-55661000,138756000,25.717105214510607,0.04100029944624791,0.024549777280417046,0.044602681398314435,0.06989462769594734
2022-03-31,2022-04-28,ERIE,68619000,1.17,52289561,675119000,95121500,1334200000,93309000,-47996000,141305000,8095000,23553000,25.515609128942582,0.05143081996702144,0.030855906393093428,0.05396406513147657,0.06993629141058312
2022-06-30,2022-07-28,ERIE,80147000,1.37,52289645,724049000,104000000,1339406000,40000000,-50324000,90324000,70158000,82721000,25.615128961001744,0.05983771910832115,0.036760935354289606,0.06272275529802465,0.02986398448267366
2022-09-30,2022-10-27,ERIE,84313000,1.81,46189025,740665000,106472000,1356579000,0,-97664000,97664000,108970000,131834000,29.370158820195922,0.06215119060519144,0.038715611327644284,0.06704517169980678,0.0
2022-12-31,2023-03-01,ERIE,65490000,1.41,52433988,700923000,79714000,1448408000,0,-142090000,142090000,111725000,128044000,27.62345675480568,0.04521516036917775,0.029243709186516725,0.05013327535867989,0.0
2023-03-31,2023-04-27,ERIE,86241000,1.85,52289646,747733000,110543000,1486967000,0,-122376000,122376000,28889000,48031000,28.437121184564912,0.057997924634507696,0.03877796857779942,0.06319915637725883,0.0
2023-06-30,2023-07-27,ERIE,117852000,2.53,46570326,851497000,153839500,1544912000,0,-142996000,142996000,106115000,131976000,33.17374243847896,0.07628395662665576,0.05067789401985198,0.07466607345164963,0.0
2023-09-30,2023-10-26,ERIE,131040000,2.81,52289855,858938000,148471000,1611889000,0,-102873000,102873000,25664000,52762000,30.826036905246724,0.08129592050072927,0.05472429254945294,0.07754309670332156,0.0
2023-12-31,2024-02-26,ERIE,110928000,2.38,52349542,817667000,130492000,1662835000,0,-144055000,144055000,127890000,148436000,31.76407923492435,0.06671016667318165,0.044874439919027946,0.0681142515646362,0.0
2024-03-31,2024-04-25,ERIE,124552000,2.67,46570314,880506000,140665000,1726180000,0,-131541000,131541000,64747000,87193000,37.06610180897642,0.07215469997335157,0.048733192111727316,0.06984577334847253,0.0
2024-06-30,2024-07-25,ERIE,163903000,3.52,52365175,988179000,190208000,1828813000,6345000,-150262000,156607000,103385000,131427000,34.92422206170418,0.08962261313759252,0.06088612015037371,0.08873753546986708,0.0034694635263419495
2024-09-30,2024-10-31,ERIE,159830000,3.43,46191601,999886000,183050000,1947955000,7905000,-189761000,197666000,171457000,199171000,42.17119471568002,0.08205015002913311,0.05580370001958698,0.0828527068310643,0.004058101958207453
2024-12-31,2025-02-27,ERIE,152029000,3.26,46191602,338709000,167556000,1987258000,7513000,-267325000,274838000,146815000,193458000,43.022062755043656,0.07650189356389558,0.052630431064863634,0.07721615583400751,0.0037805861141331424
2025-03-31,2025-04-24,ERIE,138417000,2.97,52289703,989399000,151878000,2067351000,12706000,-222509000,235215000,88444000,118118000,39.536483884790854,0.0669537973957978,0.04663287321593894,0.06521055269705799,0.006146029387365764
2025-06-30,2025-08-07,ERIE,174685000,3.75,46191605,1292446000,220747000,2184545000,0,-332104000,332104000,157319000,177576000,47.29311743984648,0.07996401996754472,0.055841767858592795,0.09429989942999534,0.0
