date,filingDate,symbol,netIncome,eps,weightedAverageShsOut,revenue,ebitda,totalStockholdersEquity,totalDebt,netDebt,cashAndCashEquivalents,freeCashFlow,operatingCashFlow,bookValuePerShare,ROE,ROA,ROIC,debtToEquity
2015-09-30,2015-10-30,ETN,446000000,0.96,465100000,5203000000,785000000,15366000000,8672000000,8254000000,418000000,851000000,973000000,33.03805633197162,0.029025120395678772,0.013850501537219341,0.021122426092807577,0.5643628790836913
2015-12-31,2016-02-24,ETN,532000000,1.15,461400000,5057000000,851000000,15186000000,8449000000,8181000000,268000000,604000000,742000000,32.91287386215865,0.035032266561306466,0.01714414617640424,0.025199779314556563,0.5563677070986435
2016-03-31,2016-04-29,ETN,404000000,0.88,458600000,4813000000,715000000,15519000000,8645000000,8312000000,333000000,277000000,388000000,33.83994766681204,0.02603260519363361,0.012791691732894279,0.01909154413307432,0.5570590888588183
2016-06-30,2016-08-02,ETN,491000000,1.08,457000000,5080000000,850000000,15320000000,8414000000,8091000000,323000000,610000000,745000000,33.52297592997812,0.03204960835509139,0.015760415997945688,0.02318194341959001,0.5492167101827676
2016-09-30,2016-11-01,ETN,523000000,1.15,453900000,4987000000,865000000,15404000000,8432000000,7938000000,494000000,698000000,798000000,33.936990526547696,0.03395222020254479,0.016742965073470565,0.02466578232797003,0.5473902882368216
2016-12-31,2017-02-22,ETN,504000000,1.12,450500000,4867000000,848000000,14897000000,8277000000,7734000000,543000000,487000000,638000000,33.067702552719204,0.033832315231254614,0.01656859199842204,0.024856433174720603,0.5556152245418541
2017-03-31,2017-05-02,ETN,434000000,0.97,448800000,4848000000,750000000,15157000000,8213000000,7991000000,222000000,347000000,463000000,33.7722816399287,0.028633634624266015,0.014177909901669335,0.02111599721134767,0.5418618460117437
2017-06-30,2017-08-01,ETN,516000000,1.16,446300000,5132000000,860000000,15552000000,8605000000,8293000000,312000000,444000000,574000000,34.846515796549404,0.033179012345679014,0.01645670546962207,0.023993554866406946,0.5533050411522634
2017-09-30,2017-10-31,ETN,1401000000,3.16,442600000,5211000000,1986000000,16593000000,8772000000,7981000000,791000000,645000000,750000000,37.4898328061455,0.08443319472066534,0.04281130634071811,0.05905107959800584,0.5286566624480202
2017-12-31,2018-02-28,ETN,639000000,1.44,440300000,5213000000,929000000,17253000000,7751000000,7190000000,561000000,710000000,879000000,39.184646831705656,0.037037037037037035,0.01960122699386503,0.028592956584513995,0.44925520199385616
2018-03-31,2018-05-01,ETN,488000000,1.11,438800000,5251000000,865000000,17263000000,7877000000,7560000000,317000000,208000000,339000000,39.341385597082954,0.028268551236749116,0.014938165789151463,0.022049562228007927,0.45629380756531307
2018-06-30,2018-07-31,ETN,610000000,1.4,435200000,5487000000,989000000,16690000000,7685000000,7429000000,256000000,350000000,499000000,38.35018382352941,0.03654883163571001,0.01914326063078613,0.027814894280795286,0.4604553624925105
2018-09-30,2018-10-30,ETN,416000000,0.96,433500000,5412000000,729000000,16754000000,7245000000,6918000000,327000000,869000000,1000000000,38.648212226066896,0.02482989136922526,0.01315290249146326,0.02025556562312115,0.4324340456010505
2018-12-31,2019-02-27,ETN,631000000,1.46,429900000,5459000000,1015000000,16107000000,7521000000,7238000000,283000000,666000000,820000000,37.46685275645499,0.039175513751784935,0.020294609545863887,0.02953328530539925,0.46693983982119575
2019-03-31,2019-04-30,ETN,522000000,1.23,424000000,5305000000,890000000,16233000000,7873000000,7570000000,303000000,402000000,551000000,38.285377358490564,0.03215671779708002,0.01649341211412683,0.02433030829551775,0.4849996919854617
2019-06-30,2019-07-30,ETN,636000000,1.51,421600000,5533000000,1022000000,16306000000,8397000000,7985000000,412000000,731000000,880000000,38.6764705882353,0.03900404758984423,0.01972459992556755,0.028417631341930316,0.5149638169998774
2019-09-30,2019-10-29,ETN,601000000,1.44,416600000,5314000000,998000000,15848000000,8354000000,7805000000,549000000,940000000,1083000000,38.04128660585694,0.03792276627965674,0.018843078852484714,0.027365482857003895,0.5271327612317012
2019-12-31,2020-02-26,ETN,452000000,1.09,413600000,5238000000,801000000,16082000000,8653000000,8283000000,370000000,791000000,937000000,38.88297872340426,0.028105956970526053,0.01377838744093888,0.020444477703596156,0.5380549682875264
2020-03-31,2020-04-30,ETN,438000000,1.07,409300000,4789000000,820000000,14245000000,8763000000,8524000000,239000000,211000000,323000000,34.80332274615197,0.030747630747630747,0.014200032420165343,0.019236681452852563,0.6151632151632151
2020-06-30,2020-07-29,ETN,51000000,0.13,400400000,3856000000,329000000,14188000000,8588000000,8296000000,292000000,667000000,757000000,35.434565434565435,0.003594586974908373,0.0016805061289047055,0.006694121966637269,0.6053002537355512
2020-09-30,2020-11-03,ETN,446000000,1.11,400400000,4526000000,821000000,14476000000,8524000000,8095000000,429000000,832000000,921000000,36.15384615384615,0.030809615915998893,0.014394061642730353,0.02319917466787344,0.588836695219674
2020-12-31,2021-02-24,ETN,475000000,1.19,398700000,4687000000,923000000,14930000000,8384000000,7946000000,438000000,845000000,943000000,37.446701780787556,0.031815137307434696,0.014925842131724485,0.026903437575392705,0.5615539182853315
2021-03-31,2021-05-04,ETN,458000000,1.15,398300000,4692000000,746000000,14995000000,10486000000,10132000000,354000000,141000000,260000000,37.64750188300276,0.030543514504834945,0.013438967136150235,0.018267202610737453,0.699299766588863
2021-06-30,2021-08-03,ETN,506000000,1.27,398800000,5215000000,972000000,15408000000,12468000000,12189000000,279000000,484000000,637000000,38.63590772316951,0.03284008307372793,0.013748505597217693,0.021972818457359204,0.809190031152648
2021-09-30,2021-11-02,ETN,629000000,1.58,398900000,4923000000,1365000000,15971000000,9407000000,9136000000,271000000,331000000,471000000,40.037603409375784,0.039383883288460333,0.01843061415846226,0.025205328740161917,0.5890050716924425
2021-12-31,2022-02-23,ETN,551000000,1.38,398900000,4798000000,904000000,16413000000,8916000000,8619000000,297000000,632000000,795000000,41.1456505389822,0.03357094985682081,0.016193023187468774,0.023455800575263662,0.5432279290806068
2022-03-31,2022-05-03,ETN,532000000,1.33,399200000,4843000000,887000000,16620000000,9949000000,9712000000,237000000,-73000000,42000000,41.633266533066134,0.03200962695547533,0.015110202226766643,0.0210263401815564,0.5986161251504212
2022-06-30,2022-08-02,ETN,601000000,1.51,399000000,5212000000,962000000,16380000000,10085000000,9721000000,364000000,201000000,340000000,41.05263157894737,0.03669108669108669,0.0170966916052684,0.023249800986765087,0.6156898656898657
2022-09-30,2022-11-01,ETN,607000000,1.52,398400000,5313000000,956000000,16068000000,9455000000,9224000000,231000000,830000000,965000000,40.33132530120482,0.03777694797112273,0.017663834245140262,0.024005834080165885,0.588436644261887
2022-12-31,2023-02-23,ETN,721000000,1.81,398000000,5384000000,1161000000,17038000000,9114000000,8820000000,294000000,977000000,1186000000,42.80904522613066,0.042317173377156944,0.02058235797887525,0.030284081577601034,0.5349219391947412
2023-03-31,2023-05-02,ETN,638000000,1.6,398500000,5483000000,1062000000,17449000000,9262000000,9027000000,235000000,209000000,335000000,43.78670012547052,0.03656369992549716,0.017963228876312753,0.02609881122466581,0.530804057539114
2023-06-30,2023-08-01,ETN,744000000,1.87,398900000,5866000000,1177000000,17953000000,9782000000,9429000000,353000000,690000000,850000000,45.006267234895965,0.041441541803598284,0.020232235607646913,0.02875285554098176,0.5448671531220409
2023-09-30,2023-10-31,ETN,891000000,2.23,399400000,5880000000,1360000000,18383000000,9635000000,9287000000,348000000,913000000,1141000000,46.02653980971457,0.04846869390197465,0.023894446083295343,0.03379067408049255,0.5241255507806125
2023-12-31,2024-02-29,ETN,945000000,2.37,399600000,5967000000,1378000000,19036000000,9802000000,9314000000,488000000,1055000000,1298000000,47.63763763763764,0.049642782097079216,0.02458888426311407,0.035215303714078224,0.5149191006513973
2024-03-31,2024-04-30,ETN,821000000,2.05,399900000,5943000000,1282000000,19292000000,9788000000,9315000000,473000000,292000000,475000000,48.242060515128784,0.04255650010366992,0.02130530686388997,0.030341735029398884,0.5073605639643376
2024-06-30,2024-08-01,ETN,993000000,2.49,399200000,6350000000,1429000000,19219000000,10493000000,9953000000,540000000,759000000,946000000,48.1437875751503,0.051667620583797286,0.025215205302049213,0.034273364669623586,0.5459701337218378
2024-09-30,2024-10-31,ETN,1009000000,2.54,397100000,6345000000,1471000000,19117000000,10076000000,9603000000,473000000,1126000000,1309000000,48.14152606396374,0.052780247946853584,0.02571617901926802,0.03616678735690688,0.5270701469895904
2024-12-31,2025-02-27,ETN,971000000,2.46,394100000,6240000000,1447000000,18488000000,9821000000,9266000000,555000000,1342000000,1597000000,46.91195128140066,0.052520553872782344,0.025298976055860973,0.0364024509864763,0.5312094331458244
2025-03-31,2025-05-02,ETN,964000000,2.46,392200000,6377000000,1465000000,18506000000,10749000000,8972000000,1777000000,91000000,238000000,47.185109637939824,0.052091213660434454,0.024588073254093762,0.0367899169880432,0.5808386469253215
2025-06-30,2025-08-05,ETN,981000000,2.51,391200000,7028000000,1154000000,18647000000,11583000000,11185000000,398000000,1065000000,918000000,47.6661554192229,0.05260899876655762,0.02421803638877231,0.032062122365290595,0.6211723065372446
