date,filingDate,symbol,netIncome,eps,weightedAverageShsOut,revenue,ebitda,totalStockholdersEquity,totalDebt,netDebt,cashAndCashEquivalents,freeCashFlow,operatingCashFlow,bookValuePerShare,ROE,ROA,ROIC,debtToEquity
2015-09-30,2015-11-04,ETR,-718233000,-2.02,358303664,3371406000,-379036000,9157125000,14143637000,13103039000,1040598000,230894000,1011284000,25.556883504266928,-0.07843433392030796,-0.01594599037933928,-0.027390664546111578,1.5445499542705816
2015-12-31,2016-02-26,ETR,99573000,0.28,356775148,2508523000,243253000,9256791000,13849988000,12499027000,1350961000,-10905000,941539000,25.945728148082782,0.010756751448747196,0.002230194217701923,0.0029934998379262732,1.496197548372865
2016-03-31,2016-05-06,ETR,229966000,0.65,357157072,2609852000,1039564000,9360947000,15092003000,14000352000,1091651000,-1136787000,532821000,26.209608415649683,0.024566531569936247,0.005006456889491726,0.014474827537315558,1.6122303651542949
2016-06-30,2016-08-04,ETR,567314000,1.59,357616298,2462562000,1006621000,9757787000,14837074000,13840975000,996099000,22359000,719259000,27.285632826499423,0.05813961710785447,0.012365967274001667,0.037046921761266886,1.5205367774475913
2016-09-30,2016-11-04,ETR,388170000,1.09,358046702,3124703000,1354424000,10069062000,15072966000,13765532000,1307434000,253724000,1000315000,28.122202896313787,0.03855076073620363,0.008131227287441053,0.020733422991526907,1.4969583065433503
2016-12-31,2017-02-24,ETR,-1765538000,-4.94,358256850,2648527000,-1992711000,8081809000,15274571000,14086727000,1187844000,-184854000,746304000,22.55870055241093,-0.21845826843965255,-0.038461164775498595,-0.07484431499303383,1.889994059498313
2017-03-31,2017-05-05,ETR,82605000,0.23,358670126,2588458000,787234000,8057189000,15610597000,14527535000,1083062000,-402668000,529393000,22.46406493302428,0.010252334902408271,0.001822777362369552,0.010391484003278191,1.9374743474430103
2017-06-30,2017-08-03,ETR,409922000,1.14,358950692,2618550000,750408000,8370856000,16285203000,15350708000,934495000,-707117000,290290000,23.32035064024894,0.04897014116596917,0.008909984792109086,0.054640825639722335,1.9454644781847878
2017-09-30,2017-11-03,ETR,398198000,1.11,359127638,3243628000,1329232000,8690237000,16224243000,15677952000,546291000,-25622000,893068000,24.19818493613126,0.04582130498857511,0.008582141615875808,0.020757586370247525,1.8669505791384056
2017-12-31,2018-02-26,ETR,-475711000,-1.33,360607010,2623845000,841970000,7992515000,16677091000,15895818000,781273000,-242711000,910749000,22.164058873952563,-0.05951956299112357,-0.010184971897985038,-0.04190796503085758,2.086588639495828
2018-03-31,2018-05-04,ETR,132761000,0.37,361415150,2723881000,874702000,7974943000,17679818000,16474222000,1205596000,-423733000,557393000,22.06587908669573,0.016647266319019458,0.0028078832059668128,0.010825414080808653,2.2169209234473524
2018-06-30,2018-08-07,ETR,245421000,0.68,361646406,2668770000,648338000,8022461000,17881402000,17068615000,812787000,-472084000,522530000,22.18316252256631,0.03059173488035654,0.0051534512496354415,-0.04560040300639472,2.2289172861046005
2018-09-30,2018-11-06,ETR,536379000,1.48,362004606,3104319000,926614000,8412712000,18484866000,17496885000,987981000,-298545000,779581000,23.239240221158955,0.06375815551512996,0.011065938327218496,0.0354431701983601,2.1972541078311014
2018-12-31,2019-02-26,ETR,-62322000,-0.18,366167346,2512482000,123977000,8844305000,18132646000,17651671000,480975000,-691608000,525743000,24.153723964233556,-0.007046568384966371,-0.0012909770024964855,-0.0016212581759311962,2.050205866939234
2019-03-31,2019-05-03,ETR,254537000,0.67,379150374,2609584000,1015185000,8970367000,19260218000,18276722000,983496000,-488885000,501189000,23.659127394135183,0.02837531619386364,0.0051312376776221115,0.015273013217160698,2.1470936473390667
2019-06-30,2019-08-06,ETR,236424000,0.61,386038538,2666209000,964875000,9797503000,18989760000,18353851000,635909000,-608068000,551901000,25.379598241044008,0.024131046451325404,0.004675576321480085,0.015051623565148184,1.9382244639271864
2019-09-30,2019-11-05,ETR,365240000,0.92,397864774,3140575000,1151169000,10035061000,19375814000,18419983000,955831000,79998000,1064857000,25.2222907273515,0.03639639061486522,0.007231577672695991,0.019062598843640796,1.9308117808152836
2019-12-31,2020-02-21,ETR,385025000,0.97,398221480,2462306000,881928000,10223675000,19820382000,19394660000,425722000,-797923000,698680000,25.673338866602574,0.037660136888154214,0.007443849181399891,0.030046724684641694,1.9386748894110972
2020-03-31,2020-05-11,ETR,123294000,0.3,399580032,2427179000,1027694000,10223967000,21400359000,19936526000,1463833000,-494515000,659060000,25.58678157370987,0.012059311224302661,0.0023459981346409305,0.03602227885631138,2.093156110539089
2020-06-30,2020-08-05,ETR,365113000,0.9,400356020,2412788000,1221500000,10425988000,21429592000,20494124000,935468000,-380697000,789247000,26.041791503472336,0.035019510860745284,0.006841767708913181,0.017128577524206823,2.0554015600248148
2020-09-30,2020-11-04,ETR,525699000,1.3,400440036,2903568000,1435566000,10771839000,22060884000,20821220000,1239664000,-132199000,921859000,26.900005073418782,0.04880308738368629,0.009375720468952423,0.02148836785662265,2.0480146426250894
2020-12-31,2021-02-26,ETR,392548000,0.97,400474128,2370101000,860653000,10926142000,23997265000,22238166000,1759099000,-1459584000,319700000,27.28301589559863,0.035927411523664986,0.00674026976875992,0.03399996718329769,2.1963164125086423
2021-03-31,2021-05-06,ETR,339145000,0.84,401051098,2844838000,1185531000,11017176000,25732104000,23989448000,1742656000,-1649584000,-49565000,27.47075386388794,0.03078329691746778,0.0057807859557574065,0.014468167989207284,2.335635193628567
2021-06-30,2021-08-06,ETR,-1394000,-0.0149,401550790,2822070000,763289000,10887947000,25363535000,24676654000,686881000,-561103000,796112000,27.1147443141626,-0.00012803148288653498,-2.491542206179836e-05,0.0003829917624428541,2.329505736940123
2021-09-30,2021-11-05,ETR,535583000,1.32,401926098,3353532000,1449394000,11252524000,25623325000,24623289000,1000036000,168432000,1264436000,27.99649999338933,0.04759669919388752,0.009101821086472102,0.019436287337614697,2.2771180048138535
2021-12-31,2022-02-25,ETR,258898000,0.64,402982408,2722456000,989516000,11637284000,27082078000,26639519000,442559000,-1910840000,289730000,28.877895831125215,0.022247287253623783,0.004354575742467628,0.012293999022164232,2.327182012572693
2022-03-31,2022-05-05,ETR,279593000,0.68,405887256,2877925000,1151265000,11710103000,28558595000,27857004000,701591000,-1046938000,537966000,28.850629890188028,0.02387622038849701,0.004672848462916927,0.012036821018022104,2.438799641642776
2022-06-30,2022-08-04,ETR,159703000,0.4,406766398,3395196000,682501000,11711079000,26850797000,26270908000,579889000,-1077688000,277996000,28.790674592545866,0.013636915949418495,0.0027617099446615254,-0.0028755868152066637,2.2927688388063987
2022-09-30,2022-11-03,ETR,555882000,1.38,406891546,4218615000,1521256000,12096351000,27606611000,26603120000,1003491000,-150867000,993478000,29.728685982578757,0.045954519672916236,0.009425675615526806,0.018779313369473093,2.282226350739988
2022-12-31,2023-02-24,ETR,97652000,0.26,415968920,3272500000,884291000,13001985000,26760170000,26536006000,224164000,-533950000,776049000,31.257106901159826,0.007510545505167096,0.0016665531476806688,0.005326383780819801,2.058160350131153
2023-03-31,2023-03-31,ETR,312299000,0.74,422701410,2981059000,1032286000,13058234000,27588925000,25618413000,1970512000,-306923000,959543000,30.89233603455451,0.02391586794967834,0.005275029037244493,0.01657883796693663,2.112760806706328
2023-06-30,2023-08-03,ETR,392014000,0.93,422898422,2846026000,1341297000,13237066000,27279113000,26084771000,1194342000,-313268000,866429000,31.300816724258194,0.029614870848268037,0.006564503420754437,0.014716806566535467,2.060812645339987
2023-09-30,2023-11-02,ETR,669714000,1.58,422918488,3595522000,1703849000,13691468000,27534505000,26014731000,1519774000,276354000,1405021000,32.37377506182705,0.04891469636418826,0.011060119800541507,0.021671468633126207,2.011070324964423
2023-12-31,2024-02-23,ETR,988284000,2.33,424028974,2724805000,845228000,14657647000,26246067000,26113519000,132548000,-73460000,1063335000,34.56755999885989,0.06742446451330149,0.016553229233392353,0.43717805199575566,1.7906057500224968
2024-03-31,2024-05-02,ETR,76536000,0.18,426287439,2794628000,965142000,14458340000,28400015000,27105156000,1294859000,-745989000,521092000,33.91688020157685,0.005293553755133715,0.001241865630839702,0.0068863160902147965,1.9642652614338851
2024-06-30,2024-08-02,ETR,51732000,0.12,427234220,2953620000,981023000,14567729000,28750515000,27395351000,1355164000,-165931000,1025364000,34.09775789963641,0.0035511368999244838,0.0008242002869788543,0.005414672945958862,1.9735756341980277
2024-09-30,2024-11-01,ETR,645754000,1.51,428024934,3389100000,1771138000,15032842000,29002849000,27591037000,1411812000,4628000,1562372000,35.12141654813035,0.04295621546478038,0.01001758414474228,0.020341972210218814,1.9292991305303415
2024-12-31,2025-02-18,ETR,286447000,0.67,429285191,2742305000,1319290000,15118908000,28918886000,28059183000,859703000,-573908000,1379682000,35.218797007139244,0.018946275749544876,0.004421158489318233,0.011644227512746888,1.9127628794354725
2025-03-31,2025-05-01,ETR,360760000,0.84,430348000,2846874000,1414820000,15185311000,30924976000,29411566000,1513410000,-1169802000,536188000,35.28611960552855,0.023757169016821584,0.005415157388181151,0.01392186935024516,2.03650593655935
2025-06-30,2025-08-01,ETR,471954000,1.07,439182369,3328849000,1565065000,16213000000,30405443000,29229812000,1175631000,-787448000,1261602000,36.916327121501546,0.02910960340467526,0.006901613467881118,0.015866028526828994,1.8753742675630667
