date,filingDate,symbol,netIncome,eps,weightedAverageShsOut,revenue,ebitda,totalStockholdersEquity,totalDebt,netDebt,cashAndCashEquivalents,freeCashFlow,operatingCashFlow,bookValuePerShare,ROE,ROA,ROIC,debtToEquity
2015-09-30,2015-09-30,EVRG,138003000,0.97,141622697,732829000,336790000,3663269000,3411932000,3408103000,3829000,200189000,351799000,25.866397672118897,0.03767209014680604,0.013038734877167868,0.024135475679995078,0.9313899689048224
2015-12-31,2015-12-31,EVRG,39235000,0.28,141713000,545965000,199206000,3656721000,3580656000,3577425000,3231000,-82803000,130910000,25.80370890461708,0.010729557983778363,0.0036648817551378867,0.009519878610646192,0.9791985770858647
2016-03-31,2016-03-31,EVRG,65585000,0.46,141992846,569450000,239730000,3671390000,3619120000,3615649000,3471000,18027000,238876000,25.85616179564427,0.01786380635127295,0.006069539702433841,0.012980604128367214,0.9857628854466565
2016-06-30,2016-06-30,EVRG,72340000,0.51,142033842,621448000,249097000,3695133000,3827768000,3822555000,5213000,-192977000,89805000,26.015863177171536,0.019577103178694787,0.00659390221737053,0.013573232745767362,1.0358945131338981
2016-09-30,2016-09-30,EVRG,154720000,1.09,142090706,764654000,371320000,3800967000,3834181000,3830244000,3937000,45587000,363892000,26.75028583502147,0.04070543101268703,0.013759716154273169,0.024320869358548144,1.008738302647721
2016-12-31,2016-12-31,EVRG,53932000,0.38,142152000,606535000,212551000,3805875000,4018421000,4015355000,3066000,-135187000,129847000,26.773277899712983,0.01417072289552337,0.004695016328788341,0.011060271486657476,1.0558468157782377
2017-03-31,2017-03-31,EVRG,59661000,0.42,142436622,572574000,222182000,3805793000,4023253000,4019894000,3359000,61723000,237123000,26.719202874665196,0.01567636495206124,0.005180889559284413,0.012062127070417082,1.0571392085696727
2017-06-30,2017-06-30,EVRG,72065000,0.5,142500000,609300000,256006000,3825529000,4126571000,4123361000,3210000,-82026000,126201000,26.84581754385965,0.018837917579503385,0.006214562591894724,0.013168243470984657,1.0786929075691232
2017-09-30,2017-09-30,EVRG,158306000,1.11,142500000,794300000,361200000,3929003000,3985919000,3982531000,3388000,198003000,378998000,27.571950877192982,0.04029164650676011,0.013617281162973238,0.024241123344230977,1.014486117725031
2017-12-31,2017-12-31,EVRG,33888000,0.24,142479000,594781000,220114000,3908100000,4073200000,4069800000,3400000,-29907000,170116000,27.429305371317877,0.008671221309587779,0.002915247238567152,0.007149399009187595,1.042245592487398
2018-03-31,2018-03-31,EVRG,60485000,0.42,142600000,600200000,211800000,3909712000,4059490000,4048324000,11166000,84863000,259628000,27.417335203366058,0.015470448974246697,0.005205084279165317,0.012712303757879396,1.0383092156148586
2018-06-30,2018-08-08,EVRG,101800000,0.56,180900000,893400000,250500000,10938100000,8816100000,7536000000,1280100000,-122863000,137572000,60.46489773355445,0.009306918020497162,0.0038185548757844355,0.011189197028682655,0.8059992137574168
2018-09-30,2018-11-07,EVRG,355000000,1.32,268600000,1582500000,717600000,10688900000,8301700000,7622000000,679700000,531300000,794400000,39.794862248696944,0.033212023688125064,0.013614468920660244,0.023542912844371464,0.7766655128217123
2018-12-31,2019-02-22,EVRG,18500000,0.0865,213900000,1199800000,361600000,10028200000,8526700000,8366400000,160300000,-65200000,306200000,46.88265544647032,0.0018447976705689955,0.0007227098886245463,0.003025392268721423,0.8502722323049002
2019-03-31,2019-05-08,EVRG,99500000,0.39,252800000,1216900000,429800000,9422900000,9548100000,9414500000,133600000,53100000,362100000,37.27412974683544,0.010559381931252587,0.003818009493221594,0.009801392983160918,1.0132867800783198
2019-06-30,2019-08-07,EVRG,139700000,0.57,243200000,1221700000,492500000,8883100000,9725700000,9618700000,107000000,8200000,271600000,36.52590460526316,0.015726491877835442,0.005431908672390196,0.012104387997265835,1.094854273845842
2019-09-30,2019-11-06,EVRG,366800000,1.56,234600000,1577600000,752900000,8619300000,9807000000,9756900000,50100000,536900000,813600000,36.74040920716113,0.04255565997238755,0.014158062337161053,0.02418118642209813,1.1377954126205145
2019-12-31,2020-03-02,EVRG,63900000,0.27,239500000,1131600000,384700000,8571900000,9949800000,9926600000,23200000,-877500000,-624500000,35.790814196242174,0.007454589997550135,0.0024599725129831884,0.008914149934097929,1.160746158961257
2020-03-31,2020-05-06,EVRG,69400000,0.31,227100000,1116700000,409200000,8529200000,10390400000,10086000000,304400000,-33800000,320600000,37.55702333773668,0.008136753740092857,0.0026504027160899305,0.008276564990397011,1.2182150729259484
2020-06-30,2020-08-05,EVRG,133400000,0.59,227200000,1184700000,503700000,8547800000,10414800000,10238600000,176200000,-79300000,201900000,37.622359154929576,0.015606354851540747,0.005081827324536007,0.011382743570323416,1.2184187744214885
2020-09-30,2020-11-05,EVRG,364500000,1.6,227300000,1517600000,743200000,8802100000,10243700000,9882100000,361600000,476700000,899200000,38.72459304883414,0.041410572477022525,0.013559662515066292,0.02403072128830236,1.1637790981697549
2020-12-31,2021-02-26,EVRG,51000000,0.22,227200000,1094400000,390100000,8733400000,10321100000,10176200000,144900000,-170100000,332100000,38.43926056338028,0.00583965007900703,0.0018808916163866227,0.006989436152032042,1.1817963221654797
2021-03-31,2021-05-06,EVRG,191600000,0.84,227300000,1611900000,542200000,8806300000,11284100000,10802100000,482000000,-496300000,-28600000,38.74307083150022,0.021757151130440706,0.006837948472703524,0.014104780129253605,1.2813667488048328
2021-06-30,2021-08-05,EVRG,185300000,0.81,229300000,1236200000,531300000,8986000000,11009200000,10950800000,58400000,-170200000,253200000,39.18883558656781,0.02062096594702871,0.006615777898374796,0.01359629763385632,1.2251502336968618
2021-09-30,2021-11-03,EVRG,449400000,1.96,229700000,1616500000,842200000,9317800000,10784200000,10758900000,25300000,307800000,811400000,40.56508489333914,0.04823026894760566,0.015946292149981726,0.026575809758545843,1.157376204683509
2021-12-31,2022-02-25,EVRG,53400000,0.24,229000000,1122100000,405800000,9244400000,11165500000,11139300000,26200000,-262100000,315700000,40.36855895196506,0.005776470079183073,0.001872337441489455,0.006049277936128704,1.2078122971745056
2022-03-31,2022-05-05,EVRG,122500000,0.53,229800000,1223900000,471600000,9237100000,11564600000,11542400000,22200000,-259600000,265100000,40.19625761531767,0.013261737991360925,0.004262366953260102,0.009984840828701365,1.2519730218358576
2022-06-30,2022-08-04,EVRG,194500000,0.85,229900000,1446500000,565700000,9307300000,11921700000,11899300000,22400000,-267900000,323800000,40.484123531970425,0.020897575021757115,0.006663514772789563,0.013460299283053217,1.2808977899068472
2022-09-30,2022-11-04,EVRG,428200000,1.86,229900000,1909100000,830100000,9609000000,11664000000,11639300000,24700000,390600000,888800000,41.79643323183993,0.04456238942657925,0.014640517512548037,0.024515921877837278,1.2138620043709023
2022-12-31,2023-02-24,EVRG,7500000,0.0327,229546105,1279600000,326700000,9483700000,12036100000,12010900000,25200000,-227700000,324200000,41.315011640036325,0.0007908305830003058,0.000254324361900176,-0.0012801549184654642,1.269135464006664
2023-03-31,2023-05-05,EVRG,142600000,0.62,230000000,1296800000,557800000,9489000000,12350400000,12322000000,28400000,-164800000,362900000,41.256521739130434,0.015027927073453472,0.00480362731128246,0.011788898117930956,1.3015491621877964
2023-06-30,2023-08-04,EVRG,179100000,0.78,230100000,1354200000,609800000,9534900000,12904600000,12873200000,31400000,-224200000,352300000,41.4380704041721,0.018783626466979203,0.0059153617750709285,0.013680227594030321,1.3534069575978773
2023-09-30,2023-11-07,EVRG,351600000,1.53,230100000,1669300000,788100000,9749000000,12760400000,12719400000,41000000,282800000,836500000,42.36853541938288,0.036065237460252336,0.011484191272537235,0.021651414289220433,1.3088932198174172
2023-12-31,2023-12-31,EVRG,58000000,0.25,229729296,1187900000,460800000,9663100000,13147100000,13119400000,27700000,-247600000,428500000,42.06298529726918,0.006002214610218253,0.0018724113106556345,0.010487542564632819,1.3605468224482826
2024-03-31,2024-05-09,EVRG,122700000,0.53,230200000,1331000000,556300000,9639100000,13630600000,13566900000,63700000,-301300000,317300000,41.87271937445699,0.012729404197487318,0.003925608597306783,0.01076421460190424,1.414094676888921
2024-06-30,2024-08-09,EVRG,207000000,0.9,230300000,1447500000,647900000,9703600000,14072800000,14046700000,26100000,-360000000,317500000,42.13460703430308,0.021332289047363864,0.006503094467657315,0.014600613715046687,1.4502658807040687
2024-09-30,2024-11-07,EVRG,465600000,2.02,230300000,1811400000,928500000,10025100000,13823700000,13789100000,34600000,427000000,953300000,43.53061224489796,0.04644342699823443,0.014483872071573223,0.025387604503328817,1.378908938564204
2024-12-31,2025-02-27,EVRG,78200000,0.34,230300000,1257400000,508900000,9955000000,14069500000,14047500000,22000000,-118600000,395600000,43.22622666087712,0.007855349070818684,0.0024223950734307866,0.009595443033430753,1.4133098945253642
2025-03-31,2025-05-08,EVRG,125000000,0.54,230400000,1374500000,592900000,9930600000,14402000000,14366700000,35300000,-143200000,449600000,43.1015625,0.012587356252391598,0.003851581613473757,0.011049776664983002,1.4502648379755503
2025-06-30,2025-08-07,EVRG,171300000,0.74,230400000,1437000000,641000000,9958800000,14811700000,14783900000,27800000,-303400000,323900000,43.223958333333336,0.017200867574406555,0.005204899229140143,0.01285135486275791,1.4872976663855082
