date,filingDate,symbol,netIncome,eps,weightedAverageShsOut,revenue,ebitda,totalStockholdersEquity,totalDebt,netDebt,cashAndCashEquivalents,freeCashFlow,operatingCashFlow,bookValuePerShare,ROE,ROA,ROIC,debtToEquity
2015-09-30,2015-10-29,EW,118100000,0.18,645600000,615500000,174300000,2421400000,604900000,-41200000,646100000,176500000,202500000,3.7506195786864933,0.04877343685471215,0.030464840323995254,0.05129684417568586,0.2498141570991988
2015-12-31,2016-02-19,EW,140700000,0.22,647400000,671100000,190400000,2503100000,596900000,-121500000,718400000,62500000,103800000,3.8663886314488725,0.056210299228956095,0.0346611484738748,0.06070522710038438,0.23846430426271423
2016-03-31,2016-04-29,EW,143000000,0.22,639300000,697300000,218400000,2299300000,602200000,100800000,501400000,79400000,107100000,3.596590020334741,0.062192841299525944,0.03710623280917536,0.06582172551321,0.2619057974166051
2016-06-30,2016-07-29,EW,126600000,0.2,636600000,759300000,199000000,2471200000,602500000,232600000,369900000,112100000,190300000,3.8818724473766886,0.051230171576562,0.03124845732339438,0.050147699205720105,0.2438086759469084
2016-09-30,2016-10-28,EW,141400000,0.22,639600000,739400000,203400000,2691800000,600600000,-44400000,645000000,157600000,205900000,4.208567854909318,0.05252990563934914,0.032588153952523624,0.053410893707033315,0.22312207444832455
2016-12-31,2017-02-17,EW,158500000,0.25,641100000,767700000,228100000,2619000000,822300000,-107800000,930100000,137900000,201100000,4.085166120729995,0.0605192821687667,0.03514412416851441,0.06582585863634312,0.31397479954180985
2017-03-31,2017-04-28,EW,230200000,0.36,633600000,883500000,317200000,2742700000,847900000,28600000,819300000,109700000,128300000,4.328756313131313,0.08393189193130857,0.04815496611162246,0.08377301261637507,0.3091479199329128
2017-06-30,2017-07-28,EW,186100000,0.29,631500000,841800000,226000000,2939600000,1016800000,508600000,508200000,136000000,197700000,4.65494853523357,0.06330793305211593,0.03621679478447017,0.05436393871093179,0.3458974010069397
2017-09-30,2017-10-27,EW,170100000,0.27,633900000,821500000,232500000,3162500000,1034000000,403700000,630300000,267500000,310800000,4.988957248777409,0.05378656126482213,0.030992639020479558,0.04769782962256744,0.3269565217391304
2017-12-31,2018-02-16,EW,35700000,0.0565,632400000,888500000,342900000,2994700000,1036400000,218100000,818300000,312000000,363900000,4.735452245414295,0.011921060540287841,0.006267006056350391,-0.0008655944299369459,0.34607807125922463
2018-03-31,2018-04-27,EW,206600000,0.33,630600000,894800000,282600000,3245700000,1054600000,-172400000,1227000000,105100000,151300000,5.147002854424358,0.06365344917891363,0.03546720227978919,0.06722415644421306,0.3249222047632252
2018-06-30,2018-07-27,EW,282700000,0.45,628500000,943700000,270400000,3164200000,1193100000,-33300000,1226400000,87400000,140200000,5.034526650755768,0.08934327792174958,0.04971773271662475,0.0903654728557742,0.37706213260855825
2018-09-30,2018-10-26,EW,225900000,0.36,627000000,906600000,270000000,3361300000,1193500000,-67800000,1261300000,260200000,342300000,5.360925039872408,0.06720614048136138,0.037914135141485686,0.06916881095801707,0.35507095469014965
2018-12-31,2019-02-15,EW,7000000,0.01,624300000,977700000,18100000,3140400000,593800000,-120300000,714100000,232400000,293000000,5.030273906775589,0.0022290154120494206,0.0013148749929560268,0.0023178040462236353,0.18908419309642083
2019-03-31,2019-04-26,EW,249700000,0.4,623700000,993000000,304300000,3447500000,666200000,-43000000,709200000,-57500000,1500000,5.52749719416386,0.07242929659173314,0.04565483699925036,0.07334410339256867,0.19324147933284988
2019-06-30,2019-07-26,EW,242300000,0.39,624400000,1086900000,299100000,3500300000,668300000,-58500000,726800000,269400000,341200000,5.605861627162076,0.06922263805959489,0.04347358033551628,0.07039920971584636,0.19092649201497014
2019-09-30,2019-10-25,EW,274700000,0.44,624600000,1094000000,331700000,3814800000,670700000,-515900000,1186600000,361200000,437300000,6.107588856868396,0.07200901751074762,0.04604193553793809,0.08327018096941405,0.17581524588445005
2019-12-31,2020-02-14,EW,280200000,0.45,626400000,1174100000,346000000,4148300000,678800000,-500300000,1179100000,327900000,399400000,6.622445721583652,0.06754574162910108,0.043186757294123086,0.07680921052631579,0.1636332955668587
2020-03-31,2020-04-28,EW,310600000,0.5,624600000,1128700000,395700000,3901100000,675200000,12300000,662900000,124800000,207000000,6.245757284662184,0.07961856912152983,0.05111831602508188,0.0793683242193489,0.17307938786496116
2020-06-30,2020-07-27,EW,-121900000,-0.2,609500000,925000000,-137100000,3839100000,684500000,-219000000,903500000,122900000,231200000,6.298769483182936,-0.031752233596415824,-0.01897542068149624,-0.0336731029529571,0.178296996691933
2020-09-30,2020-10-26,EW,325200000,0.52,622100000,1140900000,398100000,4210300000,690100000,-333900000,1024000000,112800000,216100000,6.7678829770133415,0.07723915160439873,0.04781790377602635,0.08407649796216118,0.16390756003135168
2020-12-31,2021-02-12,EW,309500000,0.5,623500000,1191700000,397200000,4574300000,694900000,-488300000,1183200000,286500000,400000000,7.336487570168404,0.06766062566950135,0.04276574871150046,0.07595916247739042,0.15191395404761385
2021-03-31,2021-04-28,EW,338200000,0.54,623200000,1216600000,430300000,4658400000,688800000,-485400000,1174200000,194500000,300500000,7.474967907573813,0.07260003434655676,0.046883014264524445,0.08131544701424501,0.1478619268418341
2021-06-30,2021-07-30,EW,489500000,0.79,622300000,1376000000,590800000,5133300000,684200000,-628600000,1312800000,456800000,526100000,8.24891531415716,0.09535776206339003,0.06388587985017162,0.10916228710467733,0.1332865797829856
2021-09-30,2021-10-29,EW,340100000,0.55,623600000,1310200000,434000000,5541300000,684100000,-822800000,1506900000,471200000,531900000,8.885984605516356,0.061375489506072585,0.041677389311667465,0.07252052651785956,0.1234547849782542
2021-12-31,2022-02-14,EW,335300000,0.54,624100000,1329700000,417600000,5835900000,690300000,-172500000,862800000,279800000,373600000,9.350905303637237,0.057454719923233775,0.03943499635405641,0.059393518602850116,0.11828509741428057
2022-03-31,2022-04-28,EW,373600000,0.6,622100000,1341200000,478900000,5844900000,688200000,-342700000,1030900000,220600000,293300000,9.395434817553449,0.06391897209533097,0.044371073290656655,0.06805581117493592,0.11774367397218087
2022-06-30,2022-07-29,EW,406400000,0.65,620900000,1373900000,506700000,5943600000,682800000,-515300000,1198100000,289100000,332200000,9.572555967144467,0.06837606837606838,0.04823681618022338,0.07504412007208584,0.1148798707853826
2022-09-30,2022-10-28,EW,343500000,0.55,619800000,1319000000,449400000,6217800000,686800000,-561000000,1247800000,250000000,309900000,10.031945788964181,0.05524462028370163,0.039765228867125094,0.060723377174374205,0.11045707484962528
2022-12-31,2023-02-13,EW,398400000,0.65,612900000,1348300000,501300000,5806700000,691300000,-77700000,769000000,193700000,282800000,9.47413933757546,0.0686103983329602,0.04804341272233947,0.0695409320998429,0.11905212943668521
2023-03-31,2023-04-28,EW,340500000,0.56,607500000,1459600000,440600000,5978000000,687800000,-184700000,872500000,252600000,314100000,9.840329218106996,0.05695884911341586,0.03935870168300351,0.058774791569571744,0.11505520240883238
2023-06-30,2023-07-28,EW,307100000,0.51,606900000,1295500000,311200000,6375700000,684500000,-358100000,1042600000,-14300000,33600000,10.505355083209755,0.04816726006556143,0.034107063527321194,0.04224275458654613,0.10736076038709474
2023-09-30,2023-10-27,EW,384900000,0.63,607000000,1243400000,424500000,6657500000,691100000,-719000000,1410100000,356200000,411500000,10.967874794069193,0.05781449493052948,0.04107440133179664,0.056394712469478823,0.10380773563650018
2023-12-31,2024-02-12,EW,369900000,0.61,605200000,1266400000,403900000,6650000000,685100000,-447200000,1132300000,35000000,136600000,10.988103106411105,0.05562406015037594,0.03950572453861927,0.053701554136841426,0.10302255639097745
2024-03-31,2024-04-29,EW,351900000,0.58,601600000,1329900000,409700000,7117900000,699200000,-525400000,1224600000,-138800000,-53500000,11.831615691489361,0.049438738953904944,0.03614309337222559,0.04928327645051195,0.09823121988226864
2024-06-30,2024-07-31,EW,363700000,0.61,602100000,1385900000,426200000,7437400000,693000000,-951500000,1644500000,286100000,371500000,12.35243315063943,0.04890149783526501,0.036012396898794964,0.05649177446460784,0.09317772339796165
2024-09-30,2024-11-06,EW,3070800000,5.14,597200000,1354400000,428800000,9545600000,706700000,-2969700000,3676400000,319900000,351800000,15.983924983255191,0.32169795507877974,0.2367398544467744,0.0539027149073564,0.07403410995641971
2024-12-31,2025-02-28,EW,385600000,0.65,589800000,1385800000,483700000,9998400000,700000000,-2345200000,3045200000,-177300000,-127500000,16.952187182095624,0.03856617058729397,0.029535897298415204,0.05097264144847292,0.07001120179228676
2025-03-31,2025-05-06,EW,358000000,0.61,586900000,1412700000,470500000,10128700000,699400000,-2441200000,3140600000,224400000,280400000,17.257965581870845,0.035345108454194515,0.02749130337958732,0.047297560975609755,0.06905130964487052
2025-06-30,2025-06-30,EW,329800000,0.57,587000000,1532200000,400200000,10545300000,702600000,-2570200000,3272800000,240900000,290200000,17.96473594548552,0.031274596265634926,0.024450095264925455,0.03810880292947782,0.06662683849677108
