date,filingDate,symbol,netIncome,eps,weightedAverageShsOut,revenue,ebitda,totalStockholdersEquity,totalDebt,netDebt,cashAndCashEquivalents,freeCashFlow,operatingCashFlow,bookValuePerShare,ROE,ROA,ROIC,debtToEquity
2015-09-30,2015-11-05,EXPD,118310000,0.63,188424400,1651332000,203368000,1839045000,,,968683000,123130000,132676000,9.760121300638346,0.06433230290721544,0.04184975122195897,,
2015-12-31,2016-02-25,EXPD,114449000,0.62,185111000,1596221000,189580000,1691993000,,,807796000,103434000,115914000,9.14042385379583,0.06764153279593946,0.04460945822323789,,
2016-03-31,2016-05-04,EXPD,96584000,0.53,182010000,1418472000,163155000,1779251000,,,1013917000,221918000,235953000,9.775567276523267,0.054283515928893675,0.03604226226171689,,
2016-06-30,2016-08-04,EXPD,116052000,0.64,181753000,1475164000,190506000,1775915000,,,980264000,91773000,105052000,9.771035416196707,0.06534772216012591,0.04286888958006574,,
2016-09-30,2016-11-08,EXPD,107581000,0.59,181177000,1562394000,179145000,1850083000,,,1042700000,103027000,115686000,10.211467239219106,0.05814928303216667,0.03823339068170163,,
2016-12-31,2017-02-23,EXPD,110590000,0.61,180201000,1642007000,184153000,1844638000,,,974435000,53065000,72408000,10.236558065715506,0.059952142371565584,0.039625622251977966,,
2017-03-31,2017-05-04,EXPD,93264000,0.52,180062000,1545132000,158041000,1948896000,,,1156043000,182918000,195679000,10.823471915229199,0.04785478547854786,0.032129875471928214,,
2017-06-30,2017-08-08,EXPD,108851000,0.6,180012000,1672279000,180282000,1975844000,,,1114910000,60834000,81214000,10.976179365820057,0.05509088774214969,0.036010514907587644,,
2017-09-30,2017-11-07,EXPD,120263000,0.67,179416000,1802166000,199167000,1978003000,,,1033444000,50898000,85360000,11.024674499487226,0.0608002111220256,0.03918789943305068,,
2017-12-31,2018-02-23,EXPD,166967000,0.94,177523000,1901371000,212080000,1991858000,,,1051098999,98973000,126386000,11.220281315660506,0.08382475055952784,0.053566432938253604,,
2018-03-31,2018-05-09,EXPD,135692000,0.77,175900000,1854262000,206740000,1979469000,,,1132901000,221681000,235477000,11.25337691870381,0.06854969691366725,0.04223900468205104,,
2018-06-30,2018-08-08,EXPD,140605000,0.8,174754000,1957559000,197160000,1889752000,,,1020854000,136443000,148556000,10.813783947720797,0.07440394295124439,0.0448811171489566,,
2018-09-30,2018-11-07,EXPD,162692000,0.94,173394000,2090947000,216489000,1955849000,,,990612000,74988000,86721000,11.279796302063508,0.0831822906574076,0.04878613410099556,,
2018-12-31,2019-02-22,EXPD,179210000,1.04,172493000,2235597000,230193000,1986838000,,,923735000,92218000,102050000,11.518368861345097,0.09019859696663744,0.05406752451834467,,
2019-03-31,2019-05-08,EXPD,139699000,0.81,171818000,2020051000,200994000,2124270000,348186000.0,-841243000.0,1189429000,280048000,289483000,12.363489273533622,0.065763297509262,0.03834816761975035,0.10485985761430354,0.16390854269937438
2019-06-30,2019-08-07,EXPD,153149000,0.9,171003000,2035579000,204878000,2050973000,377043000.0,-705607000.0,1082650000,142720000,155707000,11.993783734788279,0.07467138767794602,0.04199326019539401,0.10913341964189414,0.18383615971541312
2019-09-30,2019-11-06,EXPD,160221000,0.94,170415000,2074855000,218936000,2207385000,375422000.0,-840548000.0,1215970000,145978000,161499000,12.952997095326115,0.07258407572761436,0.04322758173380318,0.11345479352230062,0.17007545126926205
2019-12-31,2020-02-21,EXPD,137326000,0.81,170339000,2044941000,192834000,2195028000,391714000.0,-838777000.0,1230491000,156167000,165246000,12.886232747638532,0.06256229988865745,0.037196726657717304,0.09874165579174414,0.17845512676831457
2020-03-31,2020-05-07,EXPD,122344000,0.73,168735000,1901864000,171715000,2034806000,377392000.0,-734581000.0,1111973000,158873000,165000000,12.05918155687913,0.06012563359848556,0.03485616816340439,0.08980650133944712,0.18546829525763145
2020-06-30,2020-08-06,EXPD,183869000,1.1,166767000,2411078000,261735000,2159118000,430250000.0,-750205000.0,1180455000,164607000,186721000,12.946913957797406,0.08515931042212607,0.04825733817615297,0.12898250951193055,0.19927118388156645
2020-09-30,2020-11-04,EXPD,191307000,1.14,168310000,2348713000,267796000,2502029000,428128000.0,-1037382000.0,1465510000,152421000,161599000,14.865599191967203,0.07646074445979643,0.04389230923833914,0.12961979242379765,0.17111232523683778
2020-12-31,2021-02-19,EXPD,198620000,1.17,169473000,3169188000,296150000,2659637000,438189000.0,-1089602000.0,1527791000,131568000,141692000,15.69357360759531,0.07467936413879037,0.04030844831550585,0.1261449374882161,0.16475519027596622
2021-03-31,2021-05-06,EXPD,287220000,1.7,169214000,3198820000,398502000,2874794000,445414000.0,-1347979000.0,1793393000,347353000,355744000,16.989102556526056,0.09990976744768494,0.05265264123884945,0.18620626261061995,0.15493771031941767
2021-06-30,2021-08-05,EXPD,316372000,1.87,169210000,3609093000,423320000,3079454000,450543000.0,-1223578000.0,1674121000,23932000,30471000,18.19900715087761,0.10273639417896809,0.05314344237718016,0.16880643982135934,0.14630613089203476
2021-09-30,2021-11-04,EXPD,359068000,2.12,169633000,4319261000,502390000,3417358000,456020000.0,-1364086000.0,1820106000,167501000,177371000,20.145596670459167,0.10507181278636889,0.050741741932283764,0.1741497109362623,0.13344226738901807
2021-12-31,2022-03-15,EXPD,452832000,2.69,168393000,5396343000,636426000,3494426000,467660000.0,-1261032000.0,1728692000,293550000,304997000,20.751610815176402,0.12958694789931163,0.05950541719903037,0.2025320115379868,0.1338302771327823
2022-03-31,2022-05-09,EXPD,346109000,2.07,167499000,4664298000,484657000,3843392000,469766000.0,-1669860000.0,2139626000,399534000,413946000,22.94576087021415,0.09005300526201855,0.043502929175528435,0.1609606309348505,0.12222692871297021
2022-06-30,2022-08-04,EXPD,377805000,2.29,165092000,4603312000,523120000,3525248000,502925000.0,-1474046000.0,1976971000,520488000,558646000,21.353233348678312,0.10717118341745034,0.051324237462067705,0.1863636885470029,0.14266372181474893
2022-09-30,2022-11-08,EXPD,414209000,2.56,162029000,4362146000,550513000,3482180000,498418000.0,-1656116000.0,2154534000,654456000,670384000,21.49109110097575,0.11895105939382801,0.0626874566971057,0.22700515491808854,0.1431338988794376
2022-12-31,2023-03-01,EXPD,219276000,1.39,157269000,3441528000,379425000,3110021000,518465000.0,-1515666000.0,2034131000,468373000,486699000,19.77516866006651,0.07050627632417916,0.03922343059590722,0.15291602201664645,0.16670787753523209
2023-03-31,2023-05-04,EXPD,226011000,1.47,154164000,2592589000,291230000,3147169000,520622000.0,-1830172000.0,2350794000,536286000,546412000,20.414422303520926,0.07181406527580819,0.042383072949532655,0.15755163687505916,0.16542549828115363
2023-06-30,2023-08-08,EXPD,196800000,1.31,150435000,2239752000,264003000,2555932000,526791000.0,-1171796000.0,1698587000,147965000,158446000,16.990274869544987,0.07699735360721646,0.043119692202522326,0.13205633228604696,0.20610524849643888
2023-09-30,2023-11-08,EXPD,171353000,1.16,147099000,2190001000,231676000,2489780000,519478000.0,-1119950000.0,1639428000,181987000,189980000,16.925879849625083,0.06882254657037971,0.03742867434041171,0.11620881812310502,0.20864413723300854
2023-12-31,2024-02-23,EXPD,158719000,1.09,144979000,2277768000,237921000,2390350000,527733000.0,-985150000.0,1512883000,147639000,158353000,16.487560267349064,0.06639989959629343,0.035085256694082356,0.11333756392836895,0.2207764553308093
2024-03-31,2024-05-09,EXPD,169152000,1.18,143194000,2206678000,229937000,2195462000,564935000.0,-805521000.0,1370456000,246723000,256904000,15.33208095311256,0.07704619802119099,0.03768758906553708,0.11291820129207997,0.2573194161411129
2024-06-30,2024-08-08,EXPD,175469000,1.24,141013000,2439001000,238898000,2176421000,553038000.0,-718815000.0,1271853000,118826000,126769000,15.434186918936552,0.08062272878271254,0.036645050968592253,0.11405040174314844,0.25410432999865373
2024-09-30,2024-11-05,EXPD,229574000,1.63,140417000,3000131000,317298000,2356707000,542833000.0,-750340000.0,1293173000,77681000,89972000,16.78363018722804,0.09741304286022828,0.044397154315182395,0.1381448530227983,0.23033537898432008
2024-12-31,2025-02-21,EXPD,235878000,1.69,139357000,2954705000,316280000,2223012000,568937000.0,-579383000.0,1148320000,239665000,249716000,15.951922041949812,0.10610738943379523,0.049611964181826826,0.13809402395469744,0.2559306922319807
2025-03-31,2025-05-08,EXPD,203795000,1.48,137833000,2666419000,280462000,2285791000,588358000.0,-730162000.0,1318520000,329470000,342622000,16.583771665711403,0.08915732015744221,0.042844228606267014,0.1264336826819776,0.2573979860800922
2025-06-30,2025-08-05,EXPD,183574000,1.35,137045000,2651885000,271471000,2195354000,586550000.0,-569612000.0,1156162000,163337000,179212000,16.01921996424532,0.083619316064744,0.03835260183838607,0.11312926651338281,0.26717786744187955
