date,filingDate,symbol,netIncome,eps,weightedAverageShsOut,revenue,ebitda,totalStockholdersEquity,totalDebt,netDebt,cashAndCashEquivalents,freeCashFlow,operatingCashFlow,bookValuePerShare,ROE,ROA,ROIC,debtToEquity
2015-09-30,2015-11-06,FANG,-156781000,-2.4,65251000,111946000,-174495000,2056411000,489000000,445173000,43827000,32849000,139818000,31.51539440008582,-0.0762401095889878,-0.052407878981960546,-0.05958464947679915,0.2377929314713839
2015-12-31,2016-02-19,FANG,-187409000,-2.81,66699718,114323000,-135956000,1875972000,501907000,481792000,20115000,-39931000,76897000,28.125636153364248,-0.09989967867324245,-0.06794090222925364,-0.07562837421253948,0.26754503798564155
2016-03-31,2016-05-05,FANG,-32912000,-0.46,71026000,87481000,16455000,2107912000,485641000,249831000,235810000,-33720000,72760000,29.678033396221103,-0.01561355502506746,-0.011183302247839675,-0.01086377947045119,0.2303895988067813
2016-06-30,2016-08-09,FANG,-155490000,-2.17,71654377,112483000,-106863000,1959464000,494475000,275681000,218794000,-24236000,49021000,27.34604754152004,-0.07935333336055166,-0.05474315710536183,-0.06580265663753335,0.25235217385979025
2016-09-30,2016-11-08,FANG,-2230000,-0.03,77167465,142131000,54380000,2514869000,497813000,330544000,167269000,-698504000,104565000,32.58975787269933,-0.0008867261078012414,-0.0006325020988858887,0.0033858002335689055,0.1979478851582329
2016-12-31,2017-02-15,FANG,25598000,0.32,80315000,185012000,90011000,3697462000,1119769000,-546805000,1666574000,-102627000,105734000,46.03700429558613,0.0069231272694621334,0.004784959100357405,0.012353890922604053,0.3028480076333442
2017-03-31,2017-05-04,FANG,136273000,1.46,93161000,235230000,214185000,4651867000,985786000,948346000,37440000,-1769942000,175927000,49.93363102585846,0.029294259702609727,0.021393943199836726,0.027343912327725352,0.2119119054779511
2017-06-30,2017-08-02,FANG,158405000,1.61,98142000,269434000,249125000,4817624000,1151515000,1134927000,16588000,-179601000,218504000,49.08830062562409,0.03288031610603069,0.023350451051909037,0.028944638103863742,0.2390213516040272
2017-09-30,2017-11-07,FANG,73024000,0.74,98144000,301253000,179576000,4898500000,1256388000,1226183000,30205000,-301951000,243587000,49.91135474404956,0.014907420638971113,0.010020352468752264,0.014865237323221024,0.2564842298662856
2017-12-31,2018-02-15,FANG,114559000,1.17,98169000,399194000,221616000,5254860000,1505197000,1392751000,112446000,-161718000,250607000,53.52871069278489,0.02180058079568247,0.01474188921996375,0.02150687755794478,0.2864390297743422
2018-03-31,2018-05-10,FANG,163000000,1.65,98555000,479000000,354000000,5417083000,1701912000,1629425000,72487000,-147000000,339000000,54.965075338643395,0.03008999492900515,0.019817899040084193,0.026827712993509747,0.3141749904884234
2018-06-30,2018-08-09,FANG,219000000,2.22,98614000,527000000,440000000,5631449000,1967074000,1853147000,113927000,-192000000,425000000,57.10597886709798,0.038888747816059416,0.024457263723568146,0.042347428107607624,0.34930157407090073
2018-09-30,2018-11-07,FANG,157000000,1.59,98638000,537000000,368000000,5933359000,2332359000,1823913000,508446000,-172000000,389000000,60.15287211825057,0.026460559693084473,0.016009670248719916,0.022619747934168447,0.3930925130267695
2018-12-31,2019-02-25,FANG,306660000,2.5,122510000,631759000,661341000,13700000000,4523000000,4308000000,214516000,-1406610000,412789000,111.82760590972165,0.022383941605839418,0.01420005763187807,0.01864688476444703,0.33014598540145984
2019-03-31,2019-05-10,FANG,10000000,0.06,164852000,864000000,378000000,13773000000,4670000000,4544000000,126000000,-411000000,377000000,83.54766699827724,0.0007260582298700356,0.000449599856128046,0.013146257574930393,0.33906919334930663
2019-06-30,2019-08-09,FANG,349000000,2.12,164839000,1021000000,866000000,14004000000,4472000000,4146000000,326000000,-147000000,666000000,84.9556233658297,0.024921451013996,0.015061930861853179,0.021712800895016062,0.3193373321908026
2019-09-30,2019-11-06,FANG,368000000,2.27,162543000,975000000,893000000,14050000000,4761000000,4661000000,100000000,-394000000,809000000,86.4386654608319,0.026192170818505337,0.015624336602555938,0.022344599215347514,0.3388612099644128
2019-12-31,2020-02-27,FANG,-487000000,-3.04,159998000,1104000000,-156000000,13249000000,5490000000,5367000000,123000000,-8000000,882000000,82.80728509106363,-0.036757491131406146,-0.02069610301304662,-0.02369542833904875,0.414370895916673
2020-03-31,2020-05-08,FANG,-272000000,-1.72,158291000,899000000,138000000,12826000000,5677000000,5528000000,149000000,-6000000,849000000,81.02798011257747,-0.021206923436769064,-0.011630890276233643,-0.01863113413763458,0.44261656011227196
2020-06-30,2020-08-10,FANG,-2393000000,-15.16,157829000,425000000,-2706000000,10714000000,5952000000,5901000000,51000000,-238000000,324000000,67.88359553694188,-0.2233526227366063,-0.11766730589565816,-0.14313874952845412,0.5555348142617137
2020-09-30,2020-11-05,FANG,-1113000000,-7.05,157833000,720000000,-1072000000,9552000000,5847000000,5755000000,92000000,172000000,542000000,60.51966318830663,-0.11652010050251256,-0.059328358208955226,-0.06967871149837374,0.6121231155778895
2020-12-31,2021-02-25,FANG,-739000000,-4.68,157975000,769000000,-642000000,8794000000,5930000000,5826000000,104000000,146000000,403000000,55.6670359234056,-0.08403456902433477,-0.0419433566036665,-0.04911908930198287,0.6743234023197635
2021-03-31,2021-05-07,FANG,220000000,1.34,164169000,1184000000,615000000,10673000000,7656000000,7535000000,121000000,-18000000,624000000,65.01227393722323,0.0206127611730535,0.01000181851245681,0.014543744507908612,0.7173240888222617
2021-06-30,2021-08-05,FANG,311000000,1.7,181009000,1681000000,820000000,10926000000,7364000000,7020000000,344000000,513000000,954000000,60.36163947649012,0.028464213801940325,0.013924334004925005,0.020745754905580355,0.6739886509244005
2021-09-30,2021-11-04,FANG,649000000,3.55,181027000,1910000000,1258000000,11483000000,6945000000,6488000000,457000000,775000000,1199000000,63.43252663967254,0.05651833144648611,0.028667343963956007,0.039970586983758334,0.6048071061569277
2021-12-31,2022-02-24,FANG,1002000000,5.56,180143000,2022000000,1681000000,12088000000,6773000000,6119000000,654000000,359000000,1167000000,67.1022465485753,0.0828921244209133,0.0437592802864879,0.059070521913615795,0.560307743216413
2022-03-31,2022-05-05,FANG,779000000,4.39,177565000,2408000000,1377000000,12743000000,5848000000,5699000000,149000000,531000000,1252000000,71.76526905640188,0.061131601663658476,0.03338905319103339,0.04524277125582909,0.4589186219885427
2022-06-30,2022-08-03,FANG,1416000000,7.93,176570000,2768000000,2232000000,13316000000,5456000000,5413000000,43000000,1154000000,1707000000,75.41484963470579,0.10633823971162511,0.06038894575230297,0.07964037274081916,0.40973265244818263
2022-09-30,2022-11-08,FANG,1184000000,6.72,174406000,2437000000,1939000000,13843000000,5357000000,5330000000,27000000,1180000000,1925000000,79.3722693026616,0.08553059307953478,0.0496581805980791,0.06806479999251085,0.3869825904789424
2022-12-31,2023-02-23,FANG,1007000000,5.62,177640000,2030000000,1690000000,15009000000,6379000000,6222000000,157000000,-39000000,1441000000,84.49110560684531,0.06709307748684123,0.03842191613567859,0.049396422864687775,0.42501165967086413
2023-03-31,2023-05-03,FANG,712000000,3.87,181988000,1925000000,1402000000,15464000000,6960000000,6914000000,46000000,-112000000,1425000000,84.97263555838846,0.04604242110708743,0.02580738700206604,0.03494541042736378,0.4500775995861355
2023-06-30,2023-08-03,FANG,556000000,3.05,180373000,1919000000,1223000000,15554000000,6543000000,6525000000,18000000,657000000,1513000000,86.23241837747335,0.035746431786035746,0.02015442056040889,0.028272763902097355,0.42066349492092064
2023-09-30,2023-11-08,FANG,915000000,5.07,178872000,2340000000,1744000000,16280000000,6230000000,5403000000,827000000,506000000,1358000000,91.01480388210564,0.056203931203931204,0.032621483831865666,0.04713151864023073,0.38267813267813267
2023-12-31,2024-02-22,FANG,960000000,5.34,178811000,2217000000,1781000000,16625000000,6801000000,6219000000,582000000,155000000,1624000000,92.97526438530068,0.05774436090225564,0.03310230681700631,0.04554100960993748,0.40908270676691727
2024-03-31,2024-05-02,FANG,768000000,4.28,178477000,2218000000,1540000000,16950000000,6629000000,5733000000,899000000,572000000,1334000000,94.9702202524695,0.04530973451327434,0.025867295385651735,0.0370181955211025,0.3910914454277286
2024-06-30,2024-08-07,FANG,837000000,4.66,178360000,2473000000,1665000000,17448000000,11980000000,5072000000,6908000000,842000000,1529000000,97.8246243552366,0.04797111416781293,0.02348682549036114,0.041222229455144005,0.6866116460339294
2024-09-30,2024-11-07,FANG,659000000,3.19,204730000,2636000000,1672000000,37429000000,12923000000,12553000000,370000000,-7270000000,1209000000,182.82127680359497,0.017606668625931764,0.010023271023772947,0.014442846483557611,0.3452670389270352
2024-12-31,2025-02-26,FANG,1074000000,3.67,291851000,3696000000,2762000000,37736000000,12429000000,12268000000,161000000,482000000,2341000000,129.29885455249425,0.028460886156455374,0.01596029245675563,0.029231540480320294,0.3293671825312699
2025-03-31,2025-05-07,FANG,1405000000,4.83,289612000,4031000000,3022000000,38473000000,13910000000,12094000000,1816000000,663000000,2355000000,132.8432523514219,0.03651911730304369,0.020052521907915392,0.030108349563051095,0.3615522574272867
2025-06-30,2025-08-06,FANG,699000000,2.38,292135000,3651000000,2256000000,38881000000,15133000000,14914000000,219000000,-2312000000,1677000000,133.09257706197477,0.017977932666340887,0.00971629529753548,0.014553127091703637,0.38921324040019545
