date,filingDate,symbol,netIncome,eps,weightedAverageShsOut,revenue,ebitda,totalStockholdersEquity,totalDebt,netDebt,cashAndCashEquivalents,freeCashFlow,operatingCashFlow,bookValuePerShare,ROE,ROA,ROIC,debtToEquity
2015-09-30,2015-11-06,FCX,-3819000000,-3.57,1070194986,3681000000,-2745000000,10946000000,20698000000,20360000000,338000000,-705000000,822000000,10.228042686793152,-0.3488945733601316,-0.07579937677391184,-0.1168277902122829,1.890919057189841
2015-12-31,2016-02-26,FCX,-4071000000,-3.46,1177000000,3795000000,-1891000000,7828000000,20428000000,20204000000,177000000,-686000000,612000000,6.650807136788445,-0.520056208482371,-0.08740365416407239,-0.13937186641640317,2.6096065406234032
2016-03-31,2016-05-10,FCX,-4173000000,-3.34,1251000000,3242000000,-3732000000,3692000000,20777000000,20525000000,331000000,-242000000,740000000,2.9512390087929656,-1.130281690140845,-0.09781080067504219,-0.16195823604539603,5.627573131094258
2016-06-30,2016-08-05,FCX,-469000000,-0.37,1252880310,3334000000,734000000,4003000000,19319000000,18967000000,352000000,41000000,874000000,3.1950378404462274,-0.11716212840369723,-0.011357032158078264,0.0072023768607413175,4.826130402198351
2016-09-30,2016-11-09,FCX,219000000,0.1627,1346000000,3865000000,1007000000,4732000000,18982000000,17874000000,1108000000,486000000,980000000,3.515601783060921,0.04628064243448859,0.005289855072463768,0.02647264787959399,4.011411665257819
2016-12-31,2017-02-24,FCX,308000000,0.2195,1403000000,4225000000,1266000000,6051000000,16027000000,11782000000,4245000000,631000000,1135000000,4.312900926585887,0.050900677573954715,0.008253610954792722,0.015341066324923328,2.6486531151875723
2017-03-31,2017-05-05,FCX,193000000,0.1335,1446000000,3207000000,994000000,6318000000,15363000000,11362000000,4001000000,448000000,792000000,4.369294605809128,0.03054764165875277,0.00527668416447944,0.020625426145168286,2.4316239316239314
2017-06-30,2017-08-04,FCX,259000000,0.179,1447000000,3676000000,1125000000,6673000000,15354000000,10687000000,4667000000,675000000,1037000000,4.611610228058051,0.038813127528847594,0.006991874308236374,0.02475720946140553,2.300914131575004
2017-09-30,2017-11-07,FCX,274000000,0.1892,1448000000,4161000000,1207000000,6973000000,14782000000,9825000000,4957000000,875000000,1183000000,4.81560773480663,0.03929442133945217,0.007340530982934605,0.018071081594050017,2.119891008174387
2017-12-31,2018-02-20,FCX,1024000000,0.7072,1448000000,4814000000,1946000000,7977000000,13117000000,8670000000,4526000000,1274000000,1670000000,5.508977900552487,0.12836906105052023,0.027451611173663612,0.08067520443372395,1.6443525134762442
2018-03-31,2018-05-04,FCX,699000000,0.4824,1449000000,4983000000,1938000000,8656000000,11606000000,7904000000,3702000000,877000000,1369000000,5.973775017253278,0.0807532347504621,0.019079073068209735,0.05573463268365818,1.340804066543438
2018-06-30,2018-08-08,FCX,870000000,0.6004,1449000000,5212000000,2135000000,9474000000,11127000000,7268000000,3859000000,831000000,1309000000,6.538302277432712,0.09183027232425586,0.02349573295884196,0.06761050092193324,1.1744775174160862
2018-09-30,2018-11-09,FCX,556000000,0.3834,1450000000,5045000000,1787000000,9977000000,11127000000,6571000000,4556000000,735000000,1247000000,6.8806896551724135,0.0557281748020447,0.014728866989854036,0.045082601568546196,1.1152651097524307
2018-12-31,2019-02-15,FCX,137000000,0.0945,1450000000,3727000000,731000000,9603000000,11141000000,6924000000,4217000000,-648000000,-62000000,6.622758620689655,0.01426637509111736,0.0032093328335832086,0.0010034652183046743,1.160158283869624
2019-03-31,2019-05-07,FCX,27000000,0.0186,1451000000,3670000000,676000000,9783000000,9905000000,7072000000,2833000000,-96000000,534000000,6.74224672639559,0.0027598896044158236,0.0006575902968898415,0.008133096015030159,1.0124706122866196
2019-06-30,2019-08-06,FCX,-75000000,-0.0517,1451000000,3658000000,390000000,9709000000,9916000000,7293000000,2623000000,-74000000,554000000,6.691247415575465,-0.0077247914306313725,-0.0018254393223969235,0.0018583405257015368,1.0213204243485425
2019-09-30,2019-11-06,FCX,-211000000,-0.1453,1406666666,3212000000,296000000,9520000000,9919000000,7672000000,2247000000,-445000000,224000000,6.767772515055817,-0.02216386554621849,-0.0051381955436503104,-0.00246804069076056,1.0419117647058824
2019-12-31,2020-02-14,FCX,8000000,0.0055,1452000000,3816000000,898000000,9298000000,10074000000,8054000000,2020000000,-555000000,170000000,6.403581267217631,0.0008604000860400087,0.00019603518831630277,0.0033077585531981514,1.083458808345881
2020-03-31,2020-05-07,FCX,-494000000,-0.3402,1452000000,3038000000,-159000000,8855000000,10074000000,8472000000,1602000000,-648000000,-38000000,6.098484848484849,-0.05578769057029927,-0.012282751933165916,-0.025597454469675023,1.1376623376623376
2020-06-30,2020-08-07,FCX,50000000,0.0344,1453000000,2883000000,669000000,8954000000,9914000000,8449000000,1465000000,-36000000,491000000,6.162422573984859,0.005584096493187403,0.0012428535918468805,0.010752587067015614,1.1072146526691982
2020-09-30,2020-11-06,FCX,326000000,0.2244,1453000000,3727000000,1237000000,9151000000,10030000000,7627000000,2403000000,801000000,1237000000,6.298004129387474,0.03562452191017375,0.007932066473636827,0.029774440073641408,1.096055075947984
2020-12-31,2021-02-16,FCX,708000000,0.49,1458000000,4225000000,2140000000,10174000000,9939000000,6282000000,3657000000,939000000,1327000000,6.978052126200274,0.06958914881069393,0.016799544419134397,0.06051535658511192,0.9769019068213092
2021-03-31,2021-05-05,FCX,714000000,0.4884,1464000000,4647000000,1958000000,10920000000,9809000000,5229000000,4580000000,705000000,1075000000,7.459016393442623,0.06538461538461539,0.016360011914854616,0.06505796397126261,0.8982600732600733
2021-06-30,2021-08-05,FCX,1079000000,0.7355,1468000000,5587000000,2555000000,12011000000,9695000000,3382000000,6313000000,1962000000,2395000000,8.181880108991825,0.08983431854133711,0.023747689057135313,0.09263776474499784,0.8071767546415786
2021-09-30,2021-11-05,FCX,1395000000,0.9496,1468000000,6189000000,3026000000,13353000000,9665000000,1993000000,7672000000,1424000000,1965000000,9.096049046321525,0.10447090541451359,0.029733358910416268,0.11929710054584945,0.72380738410844
2021-12-31,2022-02-18,FCX,1105000000,0.7538,1457000000,5934000000,2712000000,13980000000,9769000000,1701000000,8068000000,1509000000,2280000000,9.595058339052848,0.07904148783977111,0.02301028695181375,0.09363281535034915,0.6987839771101574
2022-03-31,2022-05-05,FCX,1522000000,1.046,1455000000,6367000000,3329000000,14866000000,9621000000,1283000000,8338000000,968000000,1691000000,10.217182130584192,0.10238127270281179,0.031168086500655307,0.12274259012796704,0.6471814879591014
2022-06-30,2022-08-05,FCX,836000000,0.5778,1447000000,6181000000,2262000000,14889000000,11092000000,1600000000,9492000000,758000000,1621000000,10.289564616447823,0.05614883471018873,0.016682298006505298,0.06866321148765919,0.7449795150782457
2022-09-30,2022-11-04,FCX,399000000,0.2788,1431000000,5359000000,1515000000,14954000000,10690000000,2112000000,8578000000,-78000000,758000000,10.450034940600979,0.026681824261067272,0.007991667835039157,0.0377639751552795,0.7148589006285944
2022-12-31,2023-02-15,FCX,696000000,0.4867,1430000000,5445000000,2188000000,15555000000,10952000000,2806000000,8146000000,22000000,1069000000,10.877622377622378,0.04474445515911282,0.013622218307791674,0.05803217053435136,0.7040822886531661
2023-03-31,2023-05-04,FCX,658000000,0.4592,1433000000,5108000000,2088000000,16057000000,9635000000,2783000000,6852000000,-71000000,1050000000,11.205163991625959,0.04097901226879243,0.012925023080398357,0.060750979278789974,0.6000498225073176
2023-06-30,2023-08-03,FCX,338000000,0.2357,1434000000,5932000000,1986000000,16202000000,9495000000,2812000000,6683000000,510000000,1673000000,11.298465829846583,0.020861622021972597,0.006639558410434714,0.04356131288259211,0.5860387606468337
2023-09-30,2023-11-03,FCX,449000000,0.3129,1435000000,5868000000,2101000000,16459000000,9405000000,3660000000,5745000000,58000000,1236000000,11.469686411149826,0.027279907649310407,0.008693463444857497,0.051039791501436026,0.5714198918524819
2023-12-31,2024-02-16,FCX,387000000,0.2699,1434000000,5799000000,2414000000,16693000000,9853000000,5095000000,4758000000,-42000000,1320000000,11.640864714086472,0.023183370274965556,0.007370586218717861,0.04872792352162645,0.590247409093632
2024-03-31,2024-05-08,FCX,468000000,0.3259,1436000000,6210000000,2358000000,16973000000,9425000000,4217000000,5208000000,642000000,1896000000,11.819637883008356,0.027573204501266716,0.008635004981733644,0.05775266505525758,0.5552937017616214
2024-06-30,2024-08-07,FCX,610000000,0.4242,1436000000,6370000000,2627000000,17404000000,9426000000,4153000000,5273000000,840000000,1956000000,12.119777158774374,0.03504941392783268,0.011165004118239223,0.06182963106796648,0.541599632268444
2024-09-30,2024-11-08,FCX,520000000,0.3616,1444000000,6680000000,2635000000,17548000000,9679000000,4679000000,5000000000,673000000,1872000000,12.152354570637119,0.029633006610439935,0.009386281588447653,0.05735548408029933,0.5515728288124003
2024-12-31,2025-02-14,FCX,274000000,0.1907,1437000000,5880000000,1847000000,17581000000,9738000000,5815000000,3923000000,197000000,1436000000,12.234516353514266,0.01558500654115238,0.004995624270711785,0.032530681842760784,0.5538934076559923
2025-03-31,2025-05-08,FCX,346000000,0.2406,1444000000,5554000000,1827000000,17688000000,9404000000,5019000000,4385000000,-114000000,1058000000,12.249307479224377,0.019561284486657622,0.006176145085859127,0.03675979050652702,0.531659882406151
2025-06-30,2025-08-08,FCX,772000000,0.53,1444000000,7582000000,3141000000,18208000000,9251000000,4531000000,4720000000,3367000000,2195000000,12.609418282548477,0.042398945518453426,0.013665651773702471,0.07018996637451386,0.508073374340949
