date,filingDate,symbol,netIncome,eps,weightedAverageShsOut,revenue,ebitda,totalStockholdersEquity,totalDebt,netDebt,cashAndCashEquivalents,freeCashFlow,operatingCashFlow,bookValuePerShare,ROE,ROA,ROIC,debtToEquity
2017-09-30,2017-09-30,FOX,390000000,0.63,620000000,2188000000,659000000,6247000000,0,19000000,-19000000,236000000,265000000,10.075806451612904,0.062429966383864256,inf,0.07516561882925277,0.0
2018-06-30,2018-06-30,FOX,471000000,0.76,620000000,2394000000,661000000,9594000000,0,-2500000000,2500000000,465000000,532000000,15.474193548387097,0.049093183239524704,0.03589665421842848,0.07028717235333187,0.0
2018-09-30,2018-09-30,FOX,604000000,0.97,620000000,2541000000,890000000,11045000000,0,-2756000000,2756000000,205000000,247000000,17.81451612903226,0.05468537799909461,0.04290382156556329,0.07562325434125432,0.0
2018-12-31,2019-03-18,FOX,8000000,0.0129,620595275,3583000000,97000000,10394000000,0,-1951000000,1951000000,-257000000,-211000000,16.748435604831183,0.0007696748123917645,0.0005940888162780336,0.004218038993936569,0.0
2019-03-31,2019-05-10,FOX,529000000,0.85,621000000,2752000000,845000000,8600000000,6750000000,3932000000,2818000000,1529000000,1588000000,13.848631239935587,0.06151162790697674,0.02995978931868381,0.04794445765582319,0.7848837209302325
2019-06-30,2019-08-09,FOX,454000000,0.73,621000000,2513000000,807000000,9947000000,6751000000,3517000000,3234000000,812000000,900000000,16.017713365539453,0.04564190208102946,0.023271310677123378,0.039327434133298554,0.6786970946013874
2019-09-30,2019-11-06,FOX,499000000,0.8,622000000,2667000000,840000000,10320000000,7357000000,4017000000,3340000000,163000000,202000000,16.591639871382636,0.04835271317829457,0.02430115905327749,0.040382028517621744,0.7128875968992248
2019-12-31,2020-02-05,FOX,300000000,0.49,617000000,3778000000,566000000,10334000000,7324000000,5333000000,1991000000,-529000000,-458000000,16.748784440842787,0.02903038513644281,0.014669926650366748,0.024347118192122964,0.7087284691310238
2020-03-31,2020-05-07,FOX,78000000,0.13,608000000,3440000000,291000000,10114000000,6754000000,3558000000,3196000000,1519000000,1601000000,16.63486842105263,0.007712082262210797,0.0038543262341256116,0.010623272331066767,0.6677872256278425
2020-06-30,2020-08-10,FOX,122000000,0.2,607000000,2418000000,394000000,10094000000,7946000000,3301000000,4645000000,853000000,1020000000,16.629324546952223,0.012086387953239549,0.0056091954022988505,0.016237402015677492,0.7872003170200119
2020-09-30,2020-11-03,FOX,1106000000,1.83,603000000,2717000000,1645000000,10791000000,8483000000,3422000000,5061000000,150000000,267000000,17.895522388059703,0.10249281808914837,0.04916211050362271,0.08379747573703226,0.7861180613474191
2020-12-31,2021-02-09,FOX,224000000,0.38,595000000,4087000000,471000000,10917000000,7949000000,3447000000,4502000000,-155000000,-30000000,18.347899159663864,0.020518457451680863,0.009844422958600685,0.0211214256401237,0.7281304387652285
2021-03-31,2021-05-06,FOX,567000000,0.96,589000000,3215000000,954000000,11081000000,7950000000,2185000000,5765000000,1538000000,1629000000,18.813242784380307,0.051168667087807956,0.0247522591347623,0.049397787877625186,0.7174442739824926
2021-06-30,2021-08-10,FOX,253000000,0.43,579000000,2890000000,540000000,11123000000,7951000000,2065000000,5886000000,622000000,773000000,19.21070811744387,0.022745662141508586,0.01103550553956207,0.02634429568005546,0.7148251371032994
2021-09-30,2021-11-04,FOX,701000000,1.22,575000000,3045000000,1128000000,11430000000,7953000000,2542000000,5411000000,-24000000,29000000,19.878260869565217,0.06132983377077865,0.03026639609688701,0.05583586139866768,0.6958005249343832
2021-12-31,2022-02-09,FOX,-85000000,-0.15,569000000,4441000000,96000000,11275000000,8465000000,4210000000,4255000000,-753000000,-685000000,19.815465729349736,-0.00753880266075388,-0.0037153597342425037,0.00014887072379042536,0.7507760532150776
2022-03-31,2022-05-10,FOX,283000000,0.5,563000000,3455000000,574000000,11200000000,7312000000,2678000000,4634000000,1537000000,1607000000,19.893428063943162,0.025267857142857144,0.012854287790697675,0.025825785877666554,0.6528571428571428
2022-06-30,2022-08-12,FOX,306000000,0.55,557000000,3033000000,638000000,11339000000,7313000000,2113000000,5200000000,817000000,933000000,20.357271095152605,0.026986506746626688,0.013793103448275862,0.027608645471411817,0.6449422347649705
2022-09-30,2022-11-01,FOX,605000000,1.1,550000000,3192000000,1031000000,11521000000,7701000000,2751000000,4950000000,196000000,270000000,20.94727272727273,0.05251280270809826,0.02698002140563682,0.04737343115663226,0.6684315597604374
2022-12-31,2023-02-08,FOX,313000000,0.58,541000000,4605000000,629000000,11607000000,7317000000,3259000000,4058000000,-610000000,-531000000,21.454713493530498,0.02696648574136297,0.013534549857303468,0.02599053451104466,0.6303954510209356
2023-03-31,2023-05-09,FOX,-54000000,-0.1,521004187,4084000000,141000000,10185000000,8217000000,4071000000,4146000000,1484000000,1568000000,19.548787234602397,-0.005301914580265096,-0.00241114484729416,0.002406967276248322,0.8067746686303388
2023-06-30,2023-08-11,FOX,375000000,0.74,506000000,3032000000,695000000,10378000000,8207000000,3935000000,4272000000,373000000,493000000,20.509881422924902,0.036134129890152245,0.017149913107106923,0.030222196396961012,0.7908074773559453
2023-09-30,2023-11-02,FOX,407000000,0.82,494000000,3207000000,748000000,10384000000,8189000000,4360000000,3829000000,-70000000,1000000,21.020242914979757,0.03919491525423729,0.018799944570188,0.03271278422087525,0.7886171032357473
2023-12-31,2024-02-07,FOX,109000000,0.23,482000000,4234000000,347000000,10252000000,9410000000,5288000000,4122000000,-615000000,-536000000,21.269709543568464,0.010632071790870074,0.004771075899501007,0.014122628626445421,0.9178696839641045
2024-03-31,2024-05-08,FOX,666000000,1.41,474000000,3447000000,1158000000,10554000000,8139000000,4348000000,3791000000,1393000000,1476000000,22.265822784810126,0.06310403638430927,0.0306672192291753,0.052108740685415954,0.7711768050028425
2024-06-30,2024-08-08,FOX,319000000,0.68,468000000,3092000000,645000000,10714000000,8152000000,3833000000,4319000000,787000000,899000000,22.89316239316239,0.029774127310061602,0.01451847806298926,0.02668009206948591,0.7608736232966212
2024-09-30,2024-11-04,FOX,827000000,1.79,461000000,3564000000,1306000000,11276000000,8136000000,4084000000,4052000000,94000000,158000000,24.45986984815618,0.07334161050017737,0.03669358416895909,0.059130727762803224,0.7215324583185527
2024-12-31,2025-02-04,FOX,373000000,0.82,457000000,5078000000,729000000,11495000000,8122000000,4800000000,3322000000,-436000000,-362000000,25.153172866520787,0.032448890822096566,0.016201893840674136,0.029220470869317824,0.7065680730752502
2025-03-31,2025-05-12,FOX,346000000,0.76,453000000,4371000000,663000000,11526000000,8107000000,3292000000,4815000000,1941000000,2015000000,25.443708609271525,0.03001908728093007,0.014807206744554286,0.02862751597014237,0.7033663022731217
2025-06-30,2025-08-06,FOX,717000000,1.57,457000000,3287000000,1151000000,11962000000,7465000000,-5351000000,5351000000,1394000000,1513000000,26.175054704595187,0.059939809396422,0.030911834447079112,0.055873581845728874,0.6240595218190937
