date,filingDate,symbol,netIncome,eps,weightedAverageShsOut,revenue,ebitda,totalStockholdersEquity,totalDebt,netDebt,cashAndCashEquivalents,freeCashFlow,operatingCashFlow,bookValuePerShare,ROE,ROA,ROIC,debtToEquity
2015-09-30,2015-11-09,FSLR,346205000,3.43,100906000,1271245000,462587000,5420845000,285477000,-904226000,1189703000,-24157000,21002000,53.72173111608824,0.06386550436324964,0.04903307659558437,0.07739292668341527,0.05266282286248731
2015-12-31,2016-02-24,FSLR,164135000,1.62,101400000,942324000,195725000,5548487000,289415000,-837411000,1126826000,25929000,53097000,54.7188067061144,0.029581938283355445,0.022434058819919438,0.03184334627532444,0.05216106661149247
2016-03-31,2016-04-28,FSLR,170565000,1.67,101853000,848484000,238296000,5738945000,299342000,-786938000,1086280000,-1260000,50494000,56.34537028855311,0.029720619382133825,0.0225085443788419,0.03667311051254562,0.05215976107106794
2016-06-30,2016-08-04,FSLR,13408000,0.13,102287000,934381000,141993000,5804645000,233430000,-683230000,916660000,-153660000,-75275000,56.7486093051903,0.0023098742472623217,0.0017773017568882372,0.0005301877841048735,0.04021434558013453
2016-09-30,2016-11-03,FSLR,154146000,1.49,103339000,688029000,134780000,5945759000,787157000,-627062000,1414219000,-121521000,-75792000,57.53644800123864,0.02592536966264526,0.019059406552698804,0.02416811259907872,0.13238965790574425
2016-12-31,2017-02-22,FSLR,-719860000,-6.93,103842098,480434000,-714550000,5212687000,214967000,-1132188000,1347155000,253742000,307326000,50.19820574118216,-0.13809768359389313,-0.10482564032890782,-0.21139776500895394,0.04123919199445507
2017-03-31,2017-05-05,FSLR,9129000,0.09,104103000,891791000,45004000,5227806000,347276000,-1308969000,1656245000,380151000,493144000,50.2176306158324,0.0017462392445320273,0.0013822387543771272,0.00394504215113757,0.06642863181992599
2017-06-30,2017-07-28,FSLR,51963000,0.5,104338000,623326000,60186000,5291309000,391020000,-1118496000,1509516000,-272313000,-167804000,50.713153405278995,0.009820443296734324,0.007778559181448219,0.019643557050548637,0.07389853815001166
2017-09-30,2017-10-27,FSLR,205747000,1.97,104432000,1087026000,236392000,5512396000,413611000,-1605462000,2019073000,483752000,581379000,52.78454879730351,0.037324422991381605,0.029164557550555355,0.05265016687428774,0.07503288950938938
2017-12-31,2018-02-23,FSLR,-432454000,-4.14,104448000,339181000,463000,5098697000,436936000,-1831598000,2268534000,234730000,433958000,48.815649892769606,-0.08481657176333483,-0.06299860689072666,-0.1073291951124945,0.08569561988092252
2018-03-31,2018-04-27,FSLR,82951000,0.79,104550000,567265000,98683000,5159371000,437879000,-1420459000,1858338000,-223011000,-45286000,49.348359636537545,0.016077735057238567,0.012127004093015559,0.023871809876775795,0.08487061698024817
2018-06-30,2018-07-27,FSLR,-48491000,-0.46,104776000,309318000,-59082000,5110828000,456295000,-1568196000,2024491000,-65756000,129142000,48.77861342292128,-0.009487895112103167,-0.006901953572687217,-0.023402262132259898,0.08928005403429738
2018-09-30,2018-10-26,FSLR,57750000,0.55,104804000,676220000,92903000,5170957000,466103000,-968780000,1434883000,-463163000,-225166000,49.339309568337086,0.01116814547094474,0.00814004542920592,0.015244503452496826,0.09013863391244599
2018-12-31,2019-02-22,FSLR,52116000,0.5,104845000,691241000,52552000,5212403000,466791000,-936771000,1403562000,-314717000,-185499000,49.71532261910439,0.009998459443753677,0.007318262995196705,0.015232540692187962,0.08955389673438527
2019-03-31,2019-05-03,FSLR,-67599000,-0.64,105046000,531978000,-15191000,5129161000,716004000,-297398000,1013402000,-452608000,-303440000,48.82776117129639,-0.013179348435348393,-0.009315101187472492,-0.011902489493089512,0.13959476023466605
2019-06-30,2019-08-02,FSLR,-18548000,-0.18,103044444,584956000,41360000,5135124000,624606000,-596962000,1221568000,-165098000,13570000,49.834069656390206,-0.003611986779676596,-0.002598557231934122,0.0013421134358852188,0.12163406375386455
2019-09-30,2019-10-25,FSLR,30622000,0.29,105397000,546806000,92458000,5182483000,633781000,-245218000,878999000,-500357000,-317622000,49.171067487689406,0.00590875068958258,0.004340660329792094,0.006864539519481128,0.12229292406747885
2019-12-31,2020-02-21,FSLR,-59408000,-0.56,105425000,1399377000,-30189000,5096767000,595314000,-757427000,1352741000,623547000,781693000,48.344956129950205,-0.011656016451213093,-0.007904531440829976,-0.013210314546076542,0.1168022787778998
2020-03-31,2020-05-08,FSLR,90704000,0.86,105595000,532124000,57935000,5168622000,609472000,-319883000,929355000,-617410000,-504864000,48.947601685685875,0.017548971466669453,0.013052548509233012,0.09933560531698926,0.11791769643823828
2020-06-30,2020-08-07,FSLR,36911000,0.35,105927000,642411000,114493000,5226796000,676086000,-376614000,1052700000,39363000,147769000,49.34337798672671,0.007061878825957623,0.005218859551017742,0.008072306387831591,0.12934998802325554
2020-09-30,2020-10-28,FSLR,155037000,1.46,105967000,927565000,283964000,5396113000,460261000,-816793000,1277054000,101565000,207897000,50.92257967102966,0.02873123672539845,0.022195015559287563,0.03579404336392934,0.08529491506200852
2020-12-31,2021-02-26,FSLR,115703000,1.09,105976000,609232000,117422000,5520928000,482271000,-744731000,1227002000,96967000,186318000,52.0960217407715,0.020957165172231916,0.01627572415599476,0.027667363909995184,0.08735324930881185
2021-03-31,2021-04-30,FSLR,209671000,1.98,106088000,803374000,169958000,5694780000,453579000,-519300000,972879000,-369633000,-279478000,53.67977528089887,0.036818103596627086,0.029494113724888908,0.016883201757857458,0.07964820414484844
2021-06-30,2021-07-30,FSLR,82449000,0.78,106313000,629180000,177830000,5783635000,468299000,-878589000,1346888000,86622000,177249000,54.401954605739654,0.014255567649064991,0.011374671603246643,0.017564968656759494,0.08096966700007867
2021-09-30,2021-11-05,FSLR,45203000,0.43,106320000,583504000,118426000,5830075000,465805000,-901659000,1367464000,140704000,305321000,54.83516741911212,0.007753416551245052,0.006218916081847611,0.009761193864841979,0.07989691384759201
2021-12-31,2022-03-01,FSLR,131370000,1.24,106327000,907319000,238753000,5959551000,398594000,-1052060000,1450654000,-160425000,34467000,56.04927252720381,0.022043606976431613,0.01771978700106532,0.02717442371946458,0.06688322660549427
2022-03-31,2022-04-29,FSLR,-43255000,-0.41,105500000,367040000,5318000,5875175000,401415000,-924948000,1326363000,-293600000,-138839000,55.688862559241706,-0.007362333887926743,-0.005845882507965361,-0.008339055223300258,0.06832392226614527
2022-06-30,2022-07-29,FSLR,55805000,0.52,106586000,620955000,23799000,5895827000,232356000,-1468861000,1701217000,-110669000,88018000,55.315210252753644,0.009465169178132261,0.007521529121950937,-0.003860520089357635,0.03941024728167906
2022-09-30,2022-10-28,FSLR,-49168000,-0.46,106596000,628933000,8734000,5828337000,313221000,-837761000,1150982000,-94281000,128975000,54.67688280986153,-0.008436025576420855,-0.006562017996702709,-0.009374415825017031,0.05374105855581103
2022-12-31,2023-02-28,FSLR,-7548000,-0.0708,106606000,1002391000,67102000,5836055000,234131000,-1247138000,1481269000,468314000,795215000,54.744151361086615,-0.0012933394219211435,-0.0009147729283447264,-0.0008607089320364455,0.04011802493293843
2023-03-31,2023-04-27,FSLR,42561000,0.4,106675000,548286000,86874000,5868728000,368214000,-538420000,906634000,-405559000,-34598000,55.01502695101945,0.007252167761054865,0.004969411283381026,0.004033207539903594,0.0627417048464335
2023-06-30,2023-07-27,FSLR,170579000,1.6,106827000,810673000,266786000,6039638000,483297000,-346616000,829913000,-472373000,-89678000,56.53662463609387,0.02824324901591784,0.018959192261207583,0.03018777561139531,0.08002085555458788
2023-09-30,2023-10-31,FSLR,268398000,2.51,106834000,801090000,374899000,6302376000,543318000,-949640000,1492958000,-120780000,165427000,58.99223093771646,0.04258679583699862,0.028008759585688502,0.05078679823043384,0.08620843948377564
2023-12-31,2024-02-27,FSLR,349239000,3.27,106844000,1158553000,470249000,6687469000,624389000,-1322605000,1946994000,214197000,561109000,62.5909643966905,0.052222896285575304,0.033693637476107395,0.06631893770139895,0.09336701224334647
2024-03-31,2024-05-01,FSLR,236616000,2.21,106910000,794108000,351429000,6902514000,681525000,-1000556000,1682081000,-145733000,267723000,64.56378262089608,0.03427968418463186,0.02198914519679326,0.04153615712877183,0.09873576496911125
2024-06-30,2024-07-30,FSLR,349356000,3.26,107042000,1010482000,470278000,7255397000,621934000,-1080979000,1702913000,-172148000,193014000,67.78084303357561,0.048151190072714144,0.031718532029628876,0.0559525749217846,0.08572018870917746
2024-09-30,2024-10-29,FSLR,312956000,2.92,107049000,887668000,447508000,7593648000,694143000,-310987000,1005130000,-487653000,-53734000,70.93618810077628,0.04121286633249263,0.027364335567847824,0.04415530492733743,0.09141100561943351
2024-12-31,2025-02-25,FSLR,393116000,3.67,107058000,1514031000,456769000,7977577000,718802000,-902574000,1621376000,497457000,810996000,74.51640232397392,0.04927761900637249,0.032423646903948174,0.05691936049130827,0.09010279687679605
2025-03-31,2025-04-29,FSLR,209535000,1.96,107122000,844568000,352460000,8187334000,630392000,-207249000,837641000,-813948000,-607982000,76.42999570583073,0.025592579953376764,0.01729312479960451,0.02740946133331157,0.07699600382737531
2025-06-30,2025-07-31,FSLR,341868000,3.19,107122000,1097170000,485998000,8546130000,1067070000,-57670000,1124740000,-138557000,149577000,79.77941039188963,0.04000266787423079,0.02658786981907979,0.0413247417260047,0.12486002436190416
