date,filingDate,symbol,netIncome,eps,weightedAverageShsOut,revenue,ebitda,totalStockholdersEquity,totalDebt,netDebt,cashAndCashEquivalents,freeCashFlow,operatingCashFlow,bookValuePerShare,ROE,ROA,ROIC,debtToEquity
2015-09-30,2015-11-02,GE,2506000000,2.0,1262875000,27859000000,4212000000,111200000000,226506000000,139200000000,99086000000,8339000000,761000000,88.05305354845096,0.022535971223021582,0.0043110270084293825,0.011536875652890298,2.0369244604316545
2015-12-31,2016-02-26,GE,6301000000,5.12,1218125000,23519000000,3313000000,98300000000,198300000000,95800000000,102500000000,4328000000,6744000000,80.69779374037968,0.06409969481180061,0.012778341107280471,0.014709385828493623,2.017293997965412
2016-03-31,2016-05-04,GE,228000000,0.21,1161000000,27836000000,3184000000,91100000000,186000000000,78000000000,108000000000,-957000000,644000000,78.46683893195521,0.0025027442371020857,0.0004932929467762874,0.020355167495738687,2.0417124039517014
2016-06-30,2016-08-01,GE,2908000000,2.4,1134875000,30344000000,6445000000,85000000000,156400000000,64600000000,91800000000,-5008000000,-3512000000,74.89811653265778,0.03421176470588235,0.007242839352428394,0.03027503258340232,1.84
2016-09-30,2016-11-02,GE,2027000000,1.76,1113000000,29038000000,4171000000,81882000000,149432000000,96902000000,52530000000,-6982000000,962000000,73.56873315363882,0.02475513543880218,0.005228350193709472,0.016828461131787716,1.8249676363547545
2016-12-31,2017-02-24,GE,3667000000,3.17,1099375000,32468000000,5250000000,75828000000,136211000000,88082000000,48129000000,-461000000,1629000000,68.97373507674816,0.048359445059872344,0.009413449912591227,0.030047232170673274,1.7963153452550509
2017-03-31,2017-05-05,GE,-83000000,-0.0762,1089250000,26880000000,2818000000,74534000000,128666000000,87102000000,41564000000,-1161000000,309000000,68.42689924259811,-0.0011135857461024498,-0.00023603484215525404,-0.006592030450903661,1.7262725735905762
2017-06-30,2017-07-28,GE,1057000000,0.8,1083875000,29097000000,3970000000,74148000000,134402000000,90353000000,44049000000,185000000,2117000000,68.4101026409872,0.014255273237309166,0.002973502910206964,0.01445939379239715,1.8126180072287856
2017-09-30,2017-10-30,GE,1360000000,1.2,1083125000,30663000000,4005000000,76105000000,136392000000,96538000000,39854000000,-577000000,857000000,70.26428159261397,0.017870047960055188,0.003597521942238611,0.019919501320574455,1.7921555745351816
2017-12-31,2018-02-23,GE,-9642000000,-9.04,1086947000,32389000000,-9855000000,56030000000,134591000000,90624000000,43967000000,4059000000,3140000000,51.548051560931675,-0.17208638229519901,-0.025200266586516473,-0.0601882589282199,2.4021238622166696
2018-03-31,2018-05-01,GE,-1147000000,-1.1,1085375000,27788000000,3433000000,55965000000,125840000000,93711000000,32129000000,-527000000,312000000,51.56282390878729,-0.020494952202269275,-0.0032029354191042392,0.012295945523920113,2.248548199767712
2018-06-30,2018-07-27,GE,800000000,0.57,1086000000,29162000000,4442000000,55069000000,115573000000,87899000000,27674000000,-1030000000,557000000,50.70810313075506,0.014527229475748606,0.0023339333486983947,0.010467886628713981,2.098694365250867
2018-09-30,2018-10-30,GE,-22769000000,-20.96,1086125000,23392000000,-20499000000,31454000000,114965000000,88033000000,26932000000,-4139000000,-2914000000,28.959834273219013,-0.7238824950721688,-0.07304991161117902,-0.1829185130950098,3.655020029249062
2018-12-31,2019-02-26,GE,761000000,0.53,1087500000,33279000000,3986000000,30981000000,103600000000,72476000000,31124000000,1886000000,8567000000,28.488275862068967,0.024563442109680127,0.00238074381820002,0.0430765995300053,3.343985023078661
2019-03-31,2019-04-30,GE,3588000000,3.28,1088875000,22202000000,3549000000,35161000000,111706000000,76801000000,34905000000,-1715000000,122000000,32.2911261623235,0.10204487926964534,0.01138751182231927,0.017096088846798384,3.176985865020904
2019-06-30,2019-07-31,GE,127000000,-0.055,1090500000,23413000000,1960000000,35816000000,109852000000,77884000000,31968000000,-1946000000,70000000,32.84364970197157,0.0035459012731740005,0.00040690912469682064,0.002162964415602938,3.0671208398481125
2019-09-30,2019-10-30,GE,-9423000000,-8.64,1091250000,23360000000,1559000000,27935000000,96414000000,68604000000,27810000000,612000000,1841000000,25.599083619702178,-0.33731877572937174,-0.03582767129641951,0.0006312138037427321,3.451369250044747
2019-12-31,2020-02-24,GE,728000000,0.48,1092000000,26238000000,3932000000,28316000000,94489000000,58678000000,35811000000,5027000000,6739000000,25.93040293040293,0.02570984602344964,0.002729904453344133,0.015599486678529905,3.336947308941941
2020-03-31,2020-04-29,GE,6199000000,5.6,1092750000,19490000000,13280000000,35284000000,88221000000,40935000000,47286000000,-1301000000,-214000000,32.28917867764814,0.17568869742659562,0.023658409058815895,0.16261016891027802,2.5003117560367305
2020-06-30,2020-07-29,GE,-1987000000,-2.11,1093750000,16805000000,22000000,33674000000,84808000000,43377000000,41431000000,-1783000000,-1158000000,30.787657142857142,-0.05900694898140999,-0.007746981328488383,-0.008386037071198055,2.5185009205915545
2020-09-30,2020-10-28,GE,-1144000000,-1.12,1094500000,18529000000,650000000,33269000000,82406000000,43244000000,39162000000,681000000,1335000000,30.396528095020557,-0.034386365685773544,-0.00449835833513556,-0.004696563304904371,2.4769605338302925
2020-12-31,2021-02-12,GE,2636000000,2.24,1094125000,21929000000,2032000000,35552000000,78097000000,41567000000,36530000000,2597000000,3634000000,32.493545070261625,0.07414491449144915,0.010288395111841412,0.00927847238200582,2.196697794779478
2021-03-31,2021-05-10,GE,-55000000,-0.1158,1099000000,17071000000,1491000000,33585000000,74501000000,42718000000,31783000000,-2315000000,-1959000000,30.559599636032758,-0.001637635849337502,-0.00022433962571992625,0.0039012970953816698,2.2182819711180586
2021-06-30,2021-07-27,GE,-1131000000,-1.08,1099000000,18253000000,222000000,33487000000,66575000000,44115000000,22460000000,226000000,518000000,30.470427661510463,-0.03377430047481112,-0.004760922549766585,-0.003895442355184903,1.9880849284797086
2021-09-30,2021-10-26,GE,1257000000,1.09,1098000000,18569000000,1772000000,37477000000,65892000000,40937000000,24955000000,2016000000,2341000000,34.13205828779599,0.033540571550551006,0.005300822745041812,0.013293771625209505,1.7581983616618193
2021-12-31,2022-02-11,GE,-3595000000,-3.55,1099000000,20370000000,-2282000000,40310000000,38033000000,22263000000,15770000000,2044000000,2432000000,36.67879890809827,-0.0891838253535103,-0.018076772227641622,-0.0491178896069293,0.9435127759861076
2022-03-31,2022-04-26,GE,-1136000000,-1.08,1100000000,12674000000,532000000,39005000000,36313000000,23471000000,12842000000,-919000000,-556000000,35.45909090909091,-0.029124471221638252,-0.005917868733753211,-0.013004817578763804,0.9309832072811178
2022-06-30,2022-07-26,GE,-882000000,-0.86,1099000000,14128000000,-82000000,34649000000,35140000000,21950000000,13190000000,205000000,550000000,31.527752502274794,-0.025455280094663628,-0.004753691926269268,-0.012326483977926584,1.0141706831365984
2022-09-30,2022-10-25,GE,161000000,0.08,1095000000,14471000000,624000000,31475000000,32910000000,20314000000,12596000000,1096000000,1423000000,28.744292237442924,0.00511517077045274,0.0008901076422098995,0.0028955356649428285,1.0455917394757743
2022-12-31,2023-02-10,GE,2222000000,1.92,1091000000,21787000000,3389000000,33696000000,26148000000,10338000000,15810000000,4050000000,4499000000,30.885426214482127,0.06594254510921177,0.011765889510778338,0.06199953711551661,0.7759971509971509
2023-03-31,2023-04-25,GE,7506000000,6.76,1089000000,14485000000,7268000000,31652000000,24504000000,12503000000,12001000000,-558000000,-259000000,29.06519742883379,0.23714141286490584,0.04563694732234058,0.14672791187544187,0.7741690888411474
2023-06-30,2023-07-25,GE,33000000,-0.0266,1089000000,8754000000,1829000000,31194000000,23879000000,11113000000,12766000000,374000000,485000000,28.644628099173552,0.0010578957491825351,0.00020244653571034195,0.03458653379084935,0.7654997755978714
2023-09-30,2023-10-24,GE,352000000,0.24,1083000000,9302000000,895000000,28665000000,22789000000,9662000000,13127000000,1421000000,1823000000,26.46814404432133,0.012279783708355137,0.0022468754388428594,0.014504629084429227,0.7950113378684808
2023-12-31,2024-02-02,GE,1592000000,1.46,1088000000,19423000000,2839000000,27403000000,21764000000,6560000000,15204000000,2611000000,3141000000,25.186580882352942,0.05809582892384046,0.009040009993980897,0.05364576538925834,0.7942196109914973
2024-03-31,2024-04-23,GE,1539000000,1.41,1091000000,8955000000,2540000000,29855000000,22433000000,3986000000,18447000000,571000000,992000000,27.36480293308891,0.051549154245520014,0.009387466299056983,0.05832286506005236,0.7513984257243342
2024-06-30,2024-07-23,GE,1266000000,1.16,1089000000,9093000000,1978000000,18598000000,20827000000,8720000000,12107000000,835000000,913000000,17.078053259871442,0.06807183568125605,0.010276808182482344,0.05668703290478372,1.1198515969459082
2024-09-30,2024-10-22,GE,1852000000,1.71,1093000000,9842000000,2457000000,18874000000,21056000000,7332000000,13724000000,1242000000,1508000000,17.26806953339433,0.0981244039419307,0.014617436739332901,0.07325598848475078,1.1156087739747802
2024-12-31,2025-02-03,GE,1899000000,1.76,1078977273,10811000000,2815000000,19342000000,20378000000,6759000000,13619000000,1030000000,1297000000,17.926234855921752,0.0981801261503464,0.01510007076915737,0.07982119443986861,1.0535621962568504
2025-03-31,2025-04-22,GE,1978000000,1.85,1070000000,9934000000,2754000000,19251000000,20714000000,8309000000,12405000000,1301000000,1509000000,17.99158878504673,0.1027479091995221,0.01593580561217502,0.07784934106109044,1.0759960521531349
2025-06-30,2025-07-21,GE,2028000000,1.91,1067000000,11023000000,2858000000,19135000000,18887000000,8026000000,10861000000,1919000000,2246000000,17.933458294283035,0.10598379932061668,0.01619084115730983,0.07854420139160886,0.9870394564933368
