date,filingDate,symbol,netIncome,eps,weightedAverageShsOut,revenue,ebitda,totalStockholdersEquity,totalDebt,netDebt,cashAndCashEquivalents,freeCashFlow,operatingCashFlow,bookValuePerShare,ROE,ROA,ROIC,debtToEquity
2015-09-30,2015-11-06,GL,145386000,1.17,124457996,998759000,0,4283302000,1361736000,1302251000,59485000,259057000,275771000,34.41564333078286,0.0339425051047066,0.0072262172925021025,0.026210392747482297,0.3179173450762986
2015-12-31,2016-02-26,GL,132956000,1.09,121480805,711080000,0,4055552000,1233862000,1172479000,61383000,383864000,390158000,33.38430297691886,0.03278369997475066,0.0066969512692983246,0.0258506815350603,0.30424021193662415
2016-03-31,2016-05-06,GL,124033000,1.02,121480805,977627000,0,4391743000,1301116000,1288358000,12758000,333869000,337748000,36.151744302320026,0.028242317458011545,0.006014881610372251,0.02584659215204693,0.2962641484258072
2016-06-30,2016-08-05,GL,138429000,1.15,120000000,992000000,0,4877758000,1419939000,1370261000,49678000,264326000,267187000,40.647983333333336,0.02837963671014429,0.006416461636299923,0.02486907325522782,0.29110484775997497
2016-09-30,2016-11-04,GL,151869000,1.27,119685039,989000000,221842000,5086383000,1400436000,1295536000,104900000,363593000,366991000,42.498068618250606,0.02985795603673573,0.0068790499954454925,0.024485811332965894,0.2753304263560176
2016-12-31,2017-02-27,GL,135448000,1.14,118421053,975000000,196467000,4566861000,1397640000,1321477000,76163000,411758000,426782000,38.56460388002123,0.02965888385917592,0.006318690533398189,0.023663826678737936,0.3060395313104559
2017-03-31,2017-05-08,GL,133541000,1.13,118584071,1023000000,212440000,4744827000,1459810000,1398056000,61754000,456778000,460756000,40.01234702087433,0.028144545628323223,0.0060461423057642655,0.024741927375678242,0.3076634827781919
2017-06-30,2017-08-08,GL,140273000,1.2,116666667,1029000000,223082000,5053416000,1438067000,1340415000,97652000,274198000,278300000,43.31499416195716,0.02775805514527203,0.006212834297548846,0.02425290558303267,0.2845732470867231
2017-09-30,2017-11-07,GL,153334000,1.32,115909091,1046000000,241580000,5167685000,1439808000,1351346000,88462000,341415000,346786000,44.58394898464004,0.029671700190704347,0.00666854921891985,0.025758773958031365,0.27861760149854337
2017-12-31,2018-02-27,GL,1027346000,8.93,115005599,1057000000,238078000,6231421000,1460268000,1341705000,118563000,336382000,343216000,54.18363152910494,0.16486544561826266,0.04376343584458094,0.14927065787886407,0.23433948693243484
2018-03-31,2018-05-07,GL,173600000,1.52,114473684,1070000000,234464000,5820301000,1496371000,1407756000,88615000,370423000,382389000,50.84400882913841,0.029826636113836725,0.007488457918166425,0.026474306369290955,0.2570951227436519
2018-06-30,2018-08-08,GL,184425000,1.63,112883436,1085000000,249275000,5571609000,1489140000,1406910000,82230000,227362000,234131000,49.357188241506044,0.0331008511185907,0.00806099087531237,0.02903315981223978,0.26727288293202195
2018-09-30,2018-11-07,GL,178724000,1.59,112578616,1084000000,242763000,5538905000,1973958000,1896519000,77439000,312188000,320769000,49.20032948353176,0.03226702750814466,0.007615163995056049,0.026480591080915255,0.35638054814083286
2018-12-31,2019-03-01,GL,164717000,1.48,111486486,1064000000,227245000,5415177000,1665033000,1544007000,121026000,322582000,340358000,48.57249693922544,0.030417657631504936,0.007131926856410897,0.026411496670839137,0.30747526812142983
2019-03-31,2019-05-07,GL,185345000,1.68,110119048,1119000000,249379000,6043426000,1649979000,1582637000,67342000,416270000,423285000,54.88084132365547,0.030668862330737564,0.007680008128141544,0.02657834753405376,0.27302046885326303
2019-06-30,2019-08-08,GL,186566000,1.7,109744706,1130461000,250192000,6700398000,1610848000,1521529000,89319000,248713000,263351999,61.05440749005241,0.027844017624027707,0.007506041432772578,0.02482288755850252,0.24041079350808714
2019-09-30,2019-11-12,GL,201818000,1.85,109090811,1141279000,268424000,7312531000,1584504000,1517829000,66675000,335143000,343538000,67.031594439242,0.02759892573446868,0.007824857922481573,0.024804246288836134,0.21668338910289747
2019-12-31,2020-02-27,GL,187061000,1.73,108127746,1136576000,247590000,7294307000,1647726000,1571793000,75933000,321545000,333699000,67.46008559172222,0.025644793946841007,0.00720089646947777,0.023003268080308486,0.22589205526995232
2020-03-31,2020-05-07,GL,165540000,1.54,107285223,1164908000,223729000,6520282000,1804922000,1714552000,90370000,334238000,343554000,60.77521039407263,0.025388472461773892,0.006529684504294232,0.022163757486239076,0.2768165548667987
2020-06-30,2020-08-06,GL,173048000,1.63,106441311,1180884000,235054000,7848369000,2103180000,1989149000,114031000,414919000,425748000,73.73423839170864,0.022048912328153786,0.0062848430568842074,0.01948136607291123,0.2679766968143317
2020-09-30,2020-11-05,GL,188945000,1.78,106146809,1195042000,253212000,8224908000,1947264000,1867163000,80101000,300669000,309314000,77.4861541056783,0.022972293428692454,0.006737954531101021,0.020474679512200628,0.23675207066145906
2020-12-31,2021-02-25,GL,204240000,1.96,104204082,1228941000,271393000,8771092000,1922804000,1827957000,94847000,384852000,397818000,84.17224960534655,0.02328558405270404,0.00703142808049553,0.020919934995170777,0.21922059419739298
2021-03-31,2021-05-06,GL,178517000,1.73,103482944,1266560000,239972000,7832337000,1943241000,1861737000,81504000,356301000,371830000,75.68722629305947,0.022792303242314522,0.006350003927023384,0.020197536990288707,0.24810487597762967
2021-06-30,2021-08-05,GL,199618000,1.94,102895435,1271111000,267012000,8616922000,2246062000,2107990000,138072000,322011000,330209000,83.74445377484433,0.02316581257205299,0.0067483980845608246,0.02026469736304279,0.26065711166934086
2021-09-30,2021-11-04,GL,188871000,1.86,101498408,1277838000,251681000,8608151000,1939787000,1843462000,96325000,350980000,357983000,84.81069969097446,0.021940948758914662,0.006403149545008238,0.019706341032119854,0.22534304986053336
2021-12-31,2022-02-24,GL,177953000,1.77,100538418,1297360000,237211000,8642806000,2026138000,1933975000,92163000,370144000,377658000,85.9652078472132,0.020589725142505802,0.005977986866992421,0.018344740321340175,0.23443057729168051
2022-03-31,2022-05-06,GL,237484000,1.66,99273616,1308356000,314120000,6894020000,2068937000,1941309000,127628000,390152000,397133000,69.44463471543133,0.034447825796850025,0.008527152714323508,0.028701195021380608,0.30010603392505386
2022-06-30,2022-08-05,GL,223973000,2.28,98222993,1291764000,298277000,5323110000,2122269000,1950012000,172257000,289611000,296257000,54.19413354671446,0.04207559114878332,0.008600067726018115,0.03322611300125673,0.3986896757722459
2022-09-30,2022-11-08,GL,190586000,1.92,97258349,1291273000,258741000,4361598000,2062284000,1976698000,85586000,350858000,356997000,44.845486735539794,0.04369637000016966,0.0076729186625369965,0.03313828521330857,0.47282761960180647
2022-12-31,2023-02-23,GL,211560000,2.18,97045872,1322669000,321368000,4895861000,2077055000,1984496000,92559000,363644000,371807000,50.44893614846389,0.043212011125315856,0.008284398432887542,0.03944201378908446,0.42424713446725715
2023-03-31,2023-05-09,GL,223610000,2.32,96388211,1093468000,299101000,3846291000,2142601000,1970493000,172108000,469120000,477330000,39.90416421360907,0.05813652685145248,0.008324980492457165,0.04192806801874462,0.5570563953689411
2023-06-30,2023-08-08,GL,215260000,2.26,95330416,1326406000,290324000,3980306000,2056349000,1981338000,75011000,309392000,326811000,41.752739230677435,0.05408126912855444,0.008059770050559462,0.03963188307057069,0.5166308821482569
2023-09-30,2023-11-06,GL,257083000,2.72,94636867,1384118000,344770000,4623131000,2246120000,2160574000,85546000,276067000,286887000,48.8512685019465,0.055607985151188664,0.009825068207718352,0.04098237547703513,0.48584390102724756
2023-12-31,2024-02-28,GL,274802000,2.88,94110274,1415691000,362387000,4486803000,2115672000,2012516000,103156000,378293000,391397000,47.67601675455753,0.061246727346843624,0.00979633922593584,0.04550586150996682,0.4715321800399973
2024-03-31,2024-05-08,GL,254217000,2.71,93865606,1416139000,343544000,5039161000,2363522000,2279975000,83547000,341700000,350806000,53.68485023151079,0.0504482789893,0.008897855217775844,0.03788983903839582,0.4690308565255208
2024-06-30,2024-08-07,GL,258355000,2.75,93865606,1440172000,353727000,5227754000,2285002000,2197088000,87914000,356485000,374117000,55.69403131536806,0.049419884715309864,0.009129537126054011,0.03818621107978026,0.4370905746521355
2024-09-30,2024-11-06,GL,302994000,3.45,87874000,1455407000,408346000,4638625000,2761094000,2626545000,134549000,311281000,340590000,52.78722944215581,0.06531978765259101,0.010251238123722375,0.045177645031911254,0.5952397531596109
2024-12-31,2025-02-26,GL,255196000,3.04,83946000,1466277000,348112000,5305520000,2739652000,2574327000,165325000,321929000,336927000,63.20158196936126,0.048100091979674,0.008776806004887644,0.03608429073071459,0.5163776594942626
2025-03-31,2025-05-07,GL,254563000,3.05,83480000,1480422000,351073000,5425416000,2801836000,2569566000,232270000,420141000,431887000,64.99060852898899,0.0469204573437318,0.008569627351170377,0.03536525793175298,0.5164278647019879
2025-06-30,2025-08-06,GL,252749000,3.09,83480000,1481287000,348184000,5419030000,2790182000,2551060000,239122000,294985000,307926000,64.91411116435074,0.046641004017324135,0.008478850325743454,0.035243255791181906,0.5148858744092577
