date,filingDate,symbol,netIncome,eps,weightedAverageShsOut,revenue,ebitda,totalStockholdersEquity,totalDebt,netDebt,cashAndCashEquivalents,freeCashFlow,operatingCashFlow,bookValuePerShare,ROE,ROA,ROIC,debtToEquity
2015-09-30,2015-10-27,GLW,212000000,0.16,1210000000,2272000000,548000000,19997000000,4016000000,-424000000,4440000000,399000000,697000000,16.526446280991735,0.01060159023853578,0.007336147830299675,0.012719262680241504,0.2008301245186778
2015-12-31,2016-02-12,GLW,224000000,0.17,1146000000,2231000000,510000000,18788000000,4462000000,-38000000,4500000000,653000000,964000000,16.394415357766142,0.011922503725782414,0.0078467089361404,0.014703589743589745,0.23749201618054078
2016-03-31,2016-04-29,GLW,-368000000,-0.36,1088888888,2047000000,-336000000,17918000000,4437000000,897000000,3540000000,-353000000,-83000000,16.455306135881884,-0.020538006473936825,-0.01316872427983539,-0.018365539146830673,0.2476280834914611
2016-06-30,2016-07-27,GLW,2207000000,2.06,1059000000,2360000000,2038000000,19609000000,4197000000,-2947000000,7144000000,263000000,526000000,18.516525023607176,0.11255035952878781,0.07199947802825173,0.13556823508938345,0.21403437197205366
2016-09-30,2016-10-27,GLW,284000000,0.27,978000000,2507000000,598000000,17721000000,3923000000,-898000000,4821000000,370000000,652000000,18.119631901840492,0.016026183623948986,0.009858030476587178,0.019574831658806927,0.22137576886180238
2016-12-31,2017-02-06,GLW,1572000000,1.64,942000000,2476000000,2746000000,17893000000,3902000000,-1389000000,5291000000,1111000000,1405000000,18.994692144373673,0.08785558598334545,0.056346105595182626,0.0967156250327657,0.21807410719275694
2017-03-31,2017-04-25,GLW,86000000,0.07,925000000,2375000000,334000000,18308000000,3926000000,-918000000,4844000000,-173000000,191000000,19.79243243243243,0.004697400043696745,0.003038332450097156,0.014094307073030478,0.21444177408783047
2017-06-30,2017-07-26,GLW,439000000,0.46,908000000,2497000000,911000000,18012000000,3933000000,-256000000,4189000000,-117000000,280000000,19.837004405286343,0.02437264046191428,0.015774344232842255,0.026311052830257607,0.21835443037974683
2017-09-30,2017-10-26,GLW,390000000,0.41,883000000,2607000000,810000000,17317000000,4625000000,760000000,3865000000,159000000,645000000,19.611551528878824,0.022521221920656004,0.013881967679931658,0.02324087298558024,0.2670785932898308
2017-12-31,2018-02-15,GLW,-1412000000,-1.71,823624555,2637000000,915000000,15724000000,5128000000,811000000,4317000000,331000000,888000000,19.0912229419872,-0.08979903332485373,-0.051384693766148695,-0.09188219442429112,0.3261256677690155
2018-03-31,2018-04-26,GLW,-589000000,-0.72,848000000,2500000000,-90000000,14413000000,5188000000,2092000000,3096000000,-335000000,320000000,16.996462264150942,-0.040865884964962185,-0.02194976522322427,-0.031695445824497626,0.35995282037049886
2018-06-30,2018-07-27,GLW,738000000,0.87,819000000,2747000000,1229000000,13877000000,5351000000,3328000000,2023000000,193000000,715000000,16.943833943833944,0.053181523384016716,0.028232593726090282,0.04502930349704543,0.3856020753765223
2018-09-30,2018-10-24,GLW,625000000,0.75,805000000,3008000000,1121000000,13890000000,5308000000,3405000000,1903000000,428000000,943000000,17.25465838509317,0.04499640028797696,0.023681418611700516,0.038282984772239605,0.38214542836573073
2018-12-31,2019-02-12,GLW,292000000,0.34,795000000,3035000000,727000000,13792000000,5998000000,3643000000,2355000000,326000000,939000000,17.348427672955975,0.02117169373549884,0.010616251590619886,0.019216545020232043,0.4348897911832947
2019-03-31,2019-05-03,GLW,499000000,0.61,784000000,2812000000,962000000,13607000000,6025000000,4569000000,1456000000,-553000000,-29000000,17.355867346938776,0.03667230102153304,0.018264338787013654,0.029936562308634417,0.44278680091129563
2019-06-30,2019-07-31,GLW,92000000,0.0871,781000000,2940000000,650000000,13425000000,7048000000,5870000000,1178000000,-417000000,153000000,17.189500640204866,0.006852886405959032,0.0033363553943789666,0.005960093288416689,0.5249906890130354
2019-09-30,2019-10-30,GLW,337000000,0.43,775000000,2934000000,859000000,13034000000,7039000000,6068000000,971000000,372000000,889000000,16.81806451612903,0.025855454963940462,0.01233122324270921,0.02002036025382826,0.540049102347706
2019-12-31,2020-02-18,GLW,32000000,0.0105,764000000,2817000000,469000000,12907000000,8252000000,5818000000,2434000000,642000000,1018000000,16.893979057591622,0.002479274812117456,0.0011073430687244792,0.007740516767454645,0.6393429921747888
2020-03-31,2020-05-05,GLW,-96000000,-0.16,750000000,2391000000,338000000,12198000000,8462000000,6437000000,2025000000,-297000000,248000000,16.264,-0.007870142646335464,-0.003445924117879321,-0.002098798557075992,0.6937202820134448
2020-06-30,2020-07-30,GLW,-71000000,-0.13,738461538,2561000000,370000000,12049000000,8499000000,6341000000,2158000000,262000000,550000000,16.316354176864387,-0.005892605195451905,-0.002577506716038626,0.0014182508239837534,0.7053697402274047
2020-09-30,2020-10-29,GLW,427000000,0.56,760000000,3001000000,914000000,12660000000,8773000000,6259000000,2514000000,455000000,608000000,16.657894736842106,0.03372827804107425,0.01410777414345657,0.026080777114129827,0.6929699842022117
2020-12-31,2021-02-12,GLW,252000000,0.3,763000000,3350000000,797000000,13257000000,8701000000,6029000000,2672000000,383000000,774000000,17.37483617300131,0.019008825526137134,0.00818846466287571,0.01603612606412565,0.6563325035830128
2021-03-31,2021-04-30,GLW,599000000,0.75,766000000,3290000000,1264000000,13369000000,8504000000,5636000000,2868000000,434000000,723000000,17.453002610966056,0.04480514623382452,0.019871943734863815,0.03445970358677541,0.6360984366818759
2021-06-30,2021-07-27,GLW,449000000,-0.42,842857142,3501000000,968000000,11960000000,8090000000,5770000000,2320000000,447000000,771000000,14.189830522904913,0.03754180602006689,0.0150640810575052,0.029439892263240567,0.6764214046822743
2021-09-30,2021-10-29,GLW,371000000,0.44,852000000,3615000000,936000000,12145000000,7791000000,5579000000,2212000000,494000000,895000000,14.254694835680752,0.03054755043227666,0.012489059449269507,0.02482967365733677,0.6414985590778098
2021-12-31,2022-02-14,GLW,487000000,0.57,849000000,3676000000,1028000000,12333000000,7829000000,5681000000,2148000000,400000000,1023000000,14.526501766784452,0.039487553717668045,0.016150427803939774,0.03054642210854046,0.6348009405659613
2022-03-31,2022-04-29,GLW,581000000,0.69,843000000,3680000000,1227000000,12395000000,7728000000,5712000000,2016000000,151000000,534000000,14.70344009489917,0.04687373941105284,0.019202168093333773,0.036321762904928494,0.6234772085518354
2022-06-30,2022-07-29,GLW,563000000,0.67,843000000,3615000000,1197000000,11734000000,7572000000,5943000000,1629000000,405000000,758000000,13.919335705812575,0.04798022839611386,0.018944747291203982,0.036208858969282116,0.6453042440770411
2022-09-30,2022-10-27,GLW,208000000,0.25,843000000,3488000000,691000000,11284000000,7478000000,5848000000,1630000000,241000000,706000000,13.38552787663108,0.018433179723502304,0.007238559248303462,0.01689550818082221,0.662708259482453
2022-12-31,2023-02-13,GLW,-36000000,-0.0427,843000000,3406000000,426000000,12008000000,7817000000,6146000000,1671000000,214000000,617000000,14.244365361803084,-0.0029980013324450365,-0.0012203803518763348,-0.029745510631265838,0.6509826782145236
2023-03-31,2023-04-28,GLW,176000000,0.21,844000000,3178000000,645000000,11925000000,7797000000,6651000000,1146000000,-431000000,-49000000,14.12914691943128,0.014758909853249475,0.0061064464645062795,0.013709445879988517,0.6538364779874214
2023-06-30,2023-07-27,GLW,281000000,0.33,848000000,3243000000,833000000,11412000000,8554000000,7016000000,1538000000,231000000,619000000,13.45754716981132,0.024623203645285665,0.009809739919706755,0.019698683251754136,0.7495618647038206
2023-09-30,2023-10-30,GLW,164000000,0.19,850000000,3173000000,639000000,11430000000,8457000000,6818000000,1639000000,381000000,722000000,13.447058823529412,0.014348206474190725,0.005799561496569771,0.01374255773500587,0.7398950131233596
2023-12-31,2024-02-12,GLW,-40000000,-0.047,851000000,2994000000,397000000,11551000000,8484000000,6705000000,1779000000,434000000,713000000,13.573443008225617,-0.003462903644706086,-0.0014035087719298245,0.002098805295447207,0.7344818630421609
2024-03-31,2024-05-02,GLW,209000000,0.25,852000000,2975000000,716000000,11226000000,8291000000,6926000000,1365000000,-156000000,96000000,13.17605633802817,0.018617495100659184,0.007567528423491925,0.01587104540635832,0.738553358275432
2024-06-30,2024-08-02,GLW,104000000,0.12,853000000,3251000000,593000000,10585000000,8197000000,6778000000,1419000000,279000000,521000000,12.409144196951935,0.009825224374114313,0.003826483682254682,0.010457950547073502,0.774397732640529
2024-09-30,2024-11-01,GLW,-117000000,-0.14,854000000,3391000000,332000000,11103000000,8341000000,6728000000,1613000000,482000000,699000000,13.001170960187354,-0.010537692515536342,-0.004131064190382035,-0.0005211978162116295,0.7512384040349455
2024-12-31,2025-02-13,GLW,310000000,0.35,881990000,3501000000,851000000,10686000000,8091000000,6323000000,1768000000,369000000,623000000,12.11578362566469,0.029009919520868427,0.011177212907878133,0.023603064900490828,0.757158899494666
2025-03-31,2025-05-02,GLW,157000000,0.18,854000000,3452000000,641000000,10716000000,8153000000,6794000000,1359000000,-57000000,151000000,12.548009367681498,0.014650989175065323,0.005731182010659268,0.014175233200076147,0.7608249346771183
2025-06-30,2025-08-01,GLW,469000000,0.55,854000000,3862000000,1007000000,11116000000,8499000000,7008000000,1491000000,400000000,708000000,13.01639344262295,0.04219143576826197,0.016315881022786572,0.031508587719908214,0.7645735876214466
