date,filingDate,symbol,netIncome,eps,weightedAverageShsOut,revenue,ebitda,totalStockholdersEquity,totalDebt,netDebt,cashAndCashEquivalents,freeCashFlow,operatingCashFlow,bookValuePerShare,ROE,ROA,ROIC,debtToEquity
2015-09-27,2015-11-04,HAS,207599000,1.66,125100000,1470997000,364833000,1542837000,1673865000,1122573000,551292000,-196710000,-166546000,12.332829736211032,0.1345566641194112,0.045324858097141506,0.08396830620356628,1.0849266643203397
2015-12-27,2016-02-24,HAS,175763000,1.41,124976000,1465354000,301884000,1663902000,1711678000,734928000,976750000,438738000,482887000,13.3137722442709,0.10563302406031125,0.03723226789489817,0.08033797368234576,1.0287132295051031
2016-03-27,2016-05-05,HAS,48751000,0.39,125266000,831180000,123260000,1607390000,1636434000,540554000,1095880000,262405000,293623000,12.831813900020755,0.030329291584494118,0.01116939442504001,0.03074755200490116,1.01806904360485
2016-06-26,2016-07-26,HAS,52106000,0.42,125475000,878945000,136623000,1612533000,1553153000,629055000,924098000,-59954000,-24782000,12.851428571428572,0.032313137157503134,0.011993872550430038,0.029913004193636236,0.9631759474069678
2016-09-25,2016-11-02,HAS,257798000,2.05,125500000,1679757000,417838000,1741760000,1726738000,896366000,830372000,-152309000,-115060000,13.878565737051792,0.14801005879110785,0.05209558016699006,0.10391445882775477,0.9913753904097006
2016-12-25,2017-02-22,HAS,192725000,1.54,124927000,1629940000,302574000,1862736000,1720974000,438689000,1282285000,569831000,621092000,14.910595787940156,0.10346340007386984,0.03785329909497766,0.08744345935139744,0.9238958177648362
2017-04-02,2017-05-10,HAS,68599000,0.55,125182000,849663000,136446000,1851644000,1614004000,150923000,1463081000,381685000,411928000,14.791615407966,0.03704761822466954,0.014765587500295961,0.046082026460684024,0.8716599951178521
2017-07-02,2017-08-02,HAS,67723000,0.54,125263000,972506000,162268000,1832494000,1735893000,302393000,1433500000,-81900000,-45822000,14.629172221645657,0.03695673764825424,0.01378517052489821,0.04056622912342566,0.9472844112995732
2017-10-01,2017-11-08,HAS,265583000,2.12,125170000,1791502000,428861000,1956252000,1882273000,637495000,1244778000,-200501000,-164310000,15.628760885196133,0.1357611391579408,0.047898982947159136,0.10973178769856726,0.962183297448386
2017-12-31,2018-02-26,HAS,-5298000,-0.0425,124528000,1596111000,364477000,1829957000,1848566000,267332000,1581234000,490217000,522582000,14.69514486701786,-0.002895149995327759,-0.001001515505815425,-0.0027484205636636987,1.01016909140488
2018-04-01,2018-05-02,HAS,-112492000,-0.9,124991111,716341000,-20846000,1571359000,1715588000,116644000,1598944000,289504000,317739000,12.571766003424035,-0.07158898762154288,-0.0237873307913265,-0.04944471830203246,1.0917861545324778
2018-07-01,2018-08-01,HAS,60299000,0.48,125711000,904458000,138849000,1766750000,1714471000,555399000,1159072000,-120458000,-76938000,14.054060503854078,0.034129899533040894,0.011791297995094112,0.034658738341029685,0.9704095089854252
2018-09-30,2018-11-01,HAS,263861000,2.08,127161000,1569686000,384125000,1887281000,1715028000,807921000,907107000,-98315000,-66055000,14.841665290458552,0.13981012896330752,0.04801550553206187,0.10543953663858364,0.9087295426595192
2018-12-30,2019-02-26,HAS,8766000,0.07,126582000,1389161000,70964000,1754486000,1704832000,522461000,1182371000,434840000,471251000,13.860469893033764,0.004996335108972087,0.001665593765366746,-0.012993385441119183,0.9716988337325005
2019-03-31,2019-05-01,HAS,26727000,0.21,126287000,732510000,97328000,1654531000,1708871000,512237000,1196634000,239293000,264494000,13.101356434153951,0.016153822442734528,0.005416054598661377,0.02163526000578039,1.0328431440692256
2019-06-30,2019-07-31,HAS,13433000,0.11,126329000,984537000,98823000,1715869000,1708620000,557578000,1151042000,38788000,71782000,13.58254240910638,0.007828686222549624,0.002666013047249142,0.02720803168456019,0.9957753185120776
2019-09-29,2019-10-22,HAS,212949000,1.68,126453000,1575173000,360960000,1840907000,1704107000,643675000,1060432000,20687000,53292000,14.558033419531368,0.11567613138523565,0.03833724838981,0.09321959832363491,0.9256888044860495
2019-12-29,2020-02-27,HAS,267345000,2.02,132516000,1428007000,405349000,2995530000,4046960000,-533409000,4580369000,220657000,263493000,22.605043919224848,0.08924797948943926,0.030189276243311032,0.12122455540665762,1.3509996561543367
2020-03-29,2020-05-07,HAS,-69700000,-0.51,136666666,1105600000,175500000,2729224000,5230136000,4078429000,1151707000,260794000,291627000,19.969931804731374,-0.02553839479646962,-0.006686262435896538,-0.002396547108248777,1.91634545204058
2020-06-28,2020-07-30,HAS,-33900000,-0.25,135600000,860300000,124000000,2604007000,5229857000,4263741000,966116000,-66464000,-33288000,19.20359144542773,-0.013018398184029459,-0.003316360221286337,0.000646773357177047,2.0083882262989308
2020-09-27,2020-11-04,HAS,220900000,1.61,137300000,1776600000,507800000,2773751000,5199922000,4138717000,1061205000,207921000,235971000,20.202119446467588,0.07963944853016727,0.02063873184569404,0.03708133323897698,1.874689544951944
2020-12-27,2021-02-24,HAS,105173000,0.77,137398000,1722971000,367903000,2896700000,5099200000,3722700000,1376500000,448335000,482030000,21.082548508711916,0.036307867573445646,0.009721677882126746,0.02153191485315361,1.7603479821866261
2021-03-28,2021-04-29,HAS,116200000,0.84,137700000,1114800000,332800000,2919500000,4831800000,3473500000,1358300000,353700000,377600000,21.201888162672475,0.03980133584517897,0.011404343857651805,0.025177755351382756,1.6550094194211338
2021-06-27,2021-07-28,HAS,-22900000,-0.17,134705882,1322200000,270200000,2850500000,4624000000,3478900000,1145100000,160300000,199500000,21.160917086011136,-0.008033678302052271,-0.0022668329670764782,-0.007341017091136969,1.6221715488510788
2021-09-26,2021-10-27,HAS,253200000,1.83,138300000,1970000000,630900000,3019000000,4209800000,3123500000,1086300000,73500000,108500000,21.8293564714389,0.08386883073865518,0.02474976540506725,0.047053893448451276,1.3944352434580987
2021-12-26,2022-02-23,HAS,82200000,0.59,138300000,2013400000,436400000,3025900000,4069000000,3085600000,983400000,97700000,132300000,21.879248011569054,0.02716547142998777,0.008189045408356414,0.020568545265704626,1.344723883803166
2022-03-27,2022-04-27,HAS,61200000,0.44,139300000,1163100000,312500000,3046000000,3997800000,2978700000,1019100000,105500000,134700000,21.866475233309405,0.020091923834537097,0.006429449399602887,0.01585579927883745,1.3124753775443203
2022-06-26,2022-07-26,HAS,142000000,1.02,139000000,1339200000,366100000,2983600000,4018000000,3431700000,586300000,-33500000,13100000,21.464748201438848,0.0475935111945301,0.014942649689571715,0.026977266782326682,1.3466952674621262
2022-09-25,2022-10-26,HAS,129200000,0.93,138300000,1675900000,413600000,2976000000,4010400000,3464900000,545500000,59500000,114400000,21.518438177874188,0.04341397849462365,0.013421842698496795,0.02494016011654986,1.3475806451612904
2022-12-25,2023-02-22,HAS,-128900000,-0.93,138300000,1678500000,128400000,2832800000,4006400000,3507800000,498600000,67200000,110700000,20.48300795372379,-0.045502682857949735,-0.013866328166180789,-0.014624773941979691,1.414289748658571
2023-04-02,2023-05-03,HAS,-22100000,-0.16,138600000,1001000000,194800000,2730800000,3963800000,3591000000,372800000,35600000,88800000,19.702741702741704,-0.008092866559250036,-0.002476551206338178,0.004135425564448944,1.4515160392558957
2023-07-02,2023-08-04,HAS,-235000000,-1.69,138800000,1210000000,6600000,2443000000,3921300000,3709600000,211700000,-28500000,30400000,17.60086455331412,-0.09619320507572657,-0.027294795405182527,-0.030372309343936577,1.6051166598444535
2023-10-01,2023-11-01,HAS,-171100000,-1.23,138800000,1503400000,-46900000,2197800000,3742700000,3558300000,184400000,167400000,215700000,15.8342939481268,-0.07785057785057785,-0.020515095561257524,-0.023118172309012523,1.702930202930203
2023-12-31,2024-02-13,HAS,-1061100000,-7.64,138900000,1288900000,-1017700000,1061900000,3496300000,2951500000,544800000,341800000,390700000,7.645068394528438,-0.9992466333929748,-0.16222538182818877,-0.2544865961476852,3.292494585177512
2024-03-31,2024-05-01,HAS,58200000,0.42,139100000,757300000,165900000,1005900000,3496000000,2926700000,569300000,132000000,177800000,7.231488138030194,0.057858634059051596,0.009382556827341609,0.022171271103275377,3.475494581966398
2024-06-30,2024-07-31,HAS,138500000,0.99,139500000,995300000,279800000,1150600000,3994100000,3367600000,626500000,135400000,187300000,8.248028673835126,0.12037197983660698,0.0201774449672936,0.03786054380534796,3.4713193116634797
2024-09-29,2024-10-31,HAS,223200000,1.6,139500000,1281300000,385900000,1287200000,3994800000,3299000000,695800000,174000000,222500000,9.227240143369176,0.17339962709757614,0.030871796290405124,0.05643827947771184,3.1034804226227473
2024-12-29,2025-02-27,HAS,-34300000,-0.25,139600000,1101600000,48900000,1157600000,3410600000,2715900000,694700000,208500000,259800000,8.292263610315187,-0.029630269523151346,-0.005409838651167926,-0.0016385769903260545,2.9462681409813407
2025-03-31,2025-03-31,HAS,98600000,0.71,139800000,887100000,219800000,1169900000,3360300000,2739500000,620800000,124300000,138100000,8.368383404864092,0.08428070775279939,0.016324503311258277,0.03320243785279779,2.8722967775023505
2025-06-29,2025-07-31,HAS,-855800000,-6.1,140300000,980800000,-735800000,241100000,3348800000,2802200000,546600000,55200000,71300000,1.7184604419101925,-3.5495644960597263,-0.16539115646258504,-0.26685066480685504,13.889672335130651
