date,filingDate,symbol,netIncome,eps,weightedAverageShsOut,revenue,ebitda,totalStockholdersEquity,totalDebt,netDebt,cashAndCashEquivalents,freeCashFlow,operatingCashFlow,bookValuePerShare,ROE,ROA,ROIC,debtToEquity
2015-09-30,2015-10-30,HBAN,152588000,0.18,800883000,791596000,294421000,6582637000,7813257000,6723094000,1090163000,288803000,314731000,8.219224281199626,0.0231803758888725,0.0021733031356223026,0.011467840436575788,1.186949394292895
2015-12-31,2016-02-17,HBAN,178309000,0.21,803412000,816368000,312385000,6594606000,7656643000,6757649000,898994000,608460000,632536000,8.208249316664427,0.027038613072562636,0.0025107471945858013,0.013354223687309746,1.161046315731372
2016-03-31,2016-04-29,HBAN,171314000,0.21,795755000,799118000,331374000,7157670000,8406787000,7523871000,882916000,179633000,191790000,8.994816243693096,0.02393432499682159,0.002358236324892267,0.011668666116179494,1.1745144718881984
2016-06-30,2016-07-29,HBAN,174540000,0.19,798167000,836770000,331969000,7507304000,9886565000,8974489000,912076000,87159000,94848000,9.405680766055225,0.023249358225003278,0.0023601152051010293,0.010589867255340484,1.3169261561807009
2016-09-30,2016-11-08,HBAN,127004000,0.12,938578000,996761000,242948000,10386765000,11146689000,9433637000,1713052000,355326000,399168000,11.066491010869635,0.012227483725683599,0.0012603928022444845,0.006407740872258797,1.073162721983216
2016-12-31,2017-02-22,HBAN,238963000,0.18,1085253000,1149195000,393243000,10308000000,12002000000,10559000000,1443000000,472746000,529496000,9.498246031109797,0.023182285603414822,0.002396483944080069,0.011451718023673743,1.164338377958867
2017-03-31,2017-04-28,HBAN,208094000,0.17,1086374000,1130000000,478000000,10437147000,10542570000,9170702000,1371868000,341000000,396000000,9.607323997076513,0.01993782400496994,0.002079993478167825,0.010607996828208949,1.010100748796582
2017-06-30,2017-07-31,HBAN,271741000,0.23,1088934000,1171000000,351000000,10654182000,13089348000,11496724000,1592624000,105000000,163000000,9.784047518031397,0.02550557142725739,0.0026797123691306673,0.012279407442747489,1.2285643327662321
2017-09-30,2017-10-30,HBAN,274568000,0.24,1086038000,1203000000,461000000,10698849000,11030256000,9786428000,1243828000,515000000,547000000,9.851265793646263,0.025663321353539992,0.002692156535948116,0.013424275395446203,1.030975948908149
2017-12-31,2018-02-16,HBAN,431597000,0.38,1077397000,1230451000,517659000,10814000000,14262000000,12695000000,1567000000,798342000,847705000,10.037154363711798,0.039910948770112815,0.004142602102030043,0.0183587987579225,1.3188459404475679
2018-03-31,2018-04-30,HBAN,326000000,0.29,1083836000,1228000000,490000000,11308000000,11472000000,10357000000,1115000000,278000000,294000000,10.433312789019741,0.028829147506190308,0.0031272183105346967,0.015047311331640896,1.0145030067209055
2018-06-30,2018-07-30,HBAN,355000000,0.3,1103337000,1308000000,535000000,11472000000,12168000000,10745000000,1423000000,286000000,308000000,10.397548527784348,0.030944909344490935,0.0033694641128343365,0.015978755007426744,1.0606694560669456
2018-09-30,2018-10-30,HBAN,378000000,0.33,1084536000,1349000000,562000000,10934000000,10733000000,9391000000,1342000000,518000000,542000000,10.081730804694358,0.034571062740076826,0.0035777836671336085,0.018597785977859778,0.9816169745747211
2018-12-31,2019-02-15,HBAN,334000000,0.3,1054460000,1385000000,534000000,11102000000,10642000000,7917000000,2725000000,534000000,582000000,10.52861180130114,0.030084669428931725,0.003070389130454767,0.017561385982438615,0.9585660241397946
2019-03-31,2019-04-29,HBAN,358000000,0.32,1046995000,1389000000,552000000,11432000000,12262000000,10779000000,1483000000,473000000,497000000,10.91886780739163,0.03131560531840448,0.0033085958799663594,0.016118139660528566,1.0726032190342898
2019-06-30,2019-07-29,HBAN,364000000,0.33,1044802000,1427000000,500000000,11668000000,13134000000,11387000000,1747000000,328000000,355000000,11.167666218096826,0.031196434693177923,0.0033626797971306366,0.015788332248969854,1.125642783681865
2019-09-30,2019-10-28,HBAN,372000000,0.34,1034940000,1441000000,543000000,11909000000,12047000000,10289000000,1758000000,15000000,46000000,11.506947262643244,0.031236879670837183,0.003421161539522693,0.01675826651049644,1.011587874716601
2019-12-31,2020-02-14,HBAN,317000000,0.29,1028621000,1383000000,450000000,11795000000,12455000000,11183000000,1272000000,651000000,676000000,11.466808474647125,0.026875794828317083,0.0029082035192014824,0.013795804682740012,1.055955913522679
2020-03-31,2020-05-01,HBAN,48000000,0.03,1018000000,1336000000,177000000,11769000000,12622000000,10718000000,1904000000,487000000,498000000,11.56090373280943,0.004078511343359674,0.0004214334003529505,0.002134566638502246,1.0724785453309542
2020-06-30,2020-07-31,HBAN,150000000,0.13,1016000000,1293000000,240000000,12314000000,9899000000,3524000000,6375000000,174000000,212000000,12.12007874015748,0.012181257105733312,0.001266624445851805,0.009470892789493623,0.8038817605976937
2020-09-30,2020-10-30,HBAN,303000000,0.27,1017000000,1322000000,438000000,12917000000,9396000000,3012000000,6384000000,516000000,549000000,12.701081612586037,0.023457459162344197,0.0025225615238602685,0.019021909724402035,0.7274134861035845
2020-12-31,2021-02-26,HBAN,316000000,0.28,1017000000,1292000000,484000000,12993000000,8535000000,1823000000,6712000000,27000000,64000000,12.775811209439528,0.02432078811667821,0.00256831222874234,0.02132829373650108,0.6568921727083814
2021-03-31,2021-04-30,HBAN,532000000,0.49,1018000000,1264000000,705000000,13600000000,7429000000,-1212000000,8641000000,-133000000,-111000000,13.359528487229863,0.03911764705882353,0.004230010813561478,0.04294478527607362,0.54625
2021-06-30,2021-08-06,HBAN,-15000000,-0.05,1125000000,1379000000,202000000,20511000000,7733000000,-6193000000,13926000000,1022000000,1099000000,18.232,-0.0007313149041977475,-8.563012353572488e-05,-0.0010476323508869954,0.37701721027741214
2021-09-30,2021-11-05,HBAN,377000000,0.23,1463000000,1740000000,493000000,19479000000,8214000000,-1974000000,10188000000,519000000,577000000,13.314422419685577,0.019354176292417476,0.0021681868896582662,0.021593830334190232,0.42168489142153087
2021-12-31,2022-02-18,HBAN,401000000,0.26,1444000000,1697000000,582000000,19297000000,7442000000,1528000000,5914000000,407000000,497000000,13.363573407202216,0.02078043219153236,0.0023037503447008,0.01930372148859544,0.38565580141990985
2022-03-31,2022-04-29,HBAN,460000000,0.3,1438427000,1694000000,679000000,18452000000,7160000000,2538000000,4622000000,776000000,849000000,12.827901589722662,0.024929546932581835,0.0026009861129958835,0.02201048118151501,0.3880338174723607
2022-06-30,2022-07-29,HBAN,539000000,0.35,1441200000,1816000000,756000000,17950000000,10914000000,6810000000,4104000000,925000000,975000000,12.4548986955315,0.03002785515320334,0.003014844894899934,0.021849757673667206,0.6080222841225627
2022-09-30,2022-10-28,HBAN,594000000,0.39,1443000000,2087000000,891000000,17136000000,10594000000,6002000000,4592000000,804000000,846000000,11.875259875259875,0.03466386554621849,0.003310999877370375,0.025801711470308582,0.6182306255835668
2022-12-31,2023-02-17,HBAN,645000000,0.43,1443000000,2353000000,922000000,17731000000,11713000000,4795000000,6918000000,1308000000,1357000000,12.287595287595288,0.0363769668941402,0.0035264015395886413,0.028811151558199414,0.660594439117929
2023-03-31,2023-04-28,HBAN,602000000,0.4,1443268000,2540000000,892000000,18758000000,19970000000,9398000000,10572000000,105000000,130000000,12.99689316190756,0.032092973664569785,0.0031840059237319513,0.021522943599943174,1.064612432029001
2023-06-30,2023-07-28,HBAN,559000000,0.36,1446372000,2720000000,901000000,18788000000,16391000000,5102000000,11289000000,598000000,630000000,12.989742611167804,0.02975303385139451,0.0029654385825309674,0.02365006278777731,0.8724185650415158
2023-09-30,2023-10-27,HBAN,547000000,0.35,1447993000,2822000000,902000000,18483000000,13503000000,1810000000,11693000000,976000000,999000000,12.764564469579618,0.029594762754964022,0.0029306188052504686,0.02720149805351599,0.7305632202564519
2023-12-31,2024-02-16,HBAN,243000000,0.15,1448000000,2755000000,487000000,19353000000,13014000000,2691000000,10323000000,838000000,898000000,13.365331491712707,0.01255619283831964,0.0012832157492290144,0.011250226819089094,0.6724538831188963
2024-03-31,2024-04-30,HBAN,419000000,0.26,1448492000,2847000000,700000000,19322000000,15076000000,2671000000,12405000000,450000000,482000000,13.339390207194793,0.021685125763378534,0.002165162077108708,0.01927886145591779,0.7802504916675292
2024-06-30,2024-07-30,HBAN,474000000,0.3,1451207000,2967000000,756000000,19515000000,16648000000,3865000000,12783000000,245000000,287000000,13.447426866050122,0.024289008455034587,0.0024145484183179665,0.020530367835757058,0.8530873686907507
2024-09-30,2024-10-29,HBAN,517000000,0.33,1452682000,3078000000,770000000,20606000000,16524000000,3684000000,12840000000,-480000000,-438000000,14.184797498695517,0.025089779675822575,0.0025781035729423793,0.021490325236722927,0.8019023585363486
2024-12-31,2025-02-14,HBAN,530000000,0.34,1451421000,3069000000,799000000,19740000000,16573000000,3241000000,13332000000,1457000000,1484000000,13.600464648093144,0.02684903748733536,0.002595113352592665,0.02323658674557243,0.839564336372847
2025-03-31,2025-04-29,HBAN,527000000,0.34,1454498000,2983000000,862000000,20434000000,18760000000,2832000000,15928000000,459000000,513000000,14.048833343187821,0.025790349417637273,0.0025143609610870435,0.02282300352445629,0.9180777136145639
2025-06-30,2025-07-29,HBAN,536000000,0.35,1457000000,3027000000,651000000,20928000000,18043000000,7096000000,10947000000,500000000,554000000,14.36376115305422,0.025611620795107034,0.0025801234223219185,0.019340565229803024,0.8621464067278287
