date,filingDate,symbol,netIncome,eps,weightedAverageShsOut,revenue,ebitda,totalStockholdersEquity,totalDebt,netDebt,cashAndCashEquivalents,freeCashFlow,operatingCashFlow,bookValuePerShare,ROE,ROA,ROIC,debtToEquity
2015-09-30,2015-10-26,HIG,381000000,0.92,413800000,4562000000,539000000,18204000000,5526000000,4861000000,665000000,799000000,891000000,43.992266795553405,0.02092946605141727,0.0016461225389171883,0.0198731701792628,0.3035596572181938
2015-12-31,2016-02-26,HIG,421000000,1.03,406900000,4513000000,718000000,17642000000,5359000000,4911000000,448000000,643000000,756000000,43.3570901941509,0.023863507538827797,0.0018436771944575824,0.021852405515332844,0.30376374560707403
2016-03-31,2016-04-28,HIG,323000000,0.81,398500000,4410000000,562000000,18112000000,5323000000,4844000000,479000000,314000000,398000000,45.450439146800505,0.017833480565371023,0.0014198239066696558,0.01724639033293865,0.2938935512367491
2016-06-30,2016-07-28,HIG,216000000,0.55,391800000,4696000000,344000000,18559000000,5324000000,4863000000,461000000,365000000,418000000,47.36855538540072,0.01163855811196724,0.0009489666807254323,0.013833148322090342,0.2868689045745999
2016-09-30,2016-10-27,HIG,438000000,1.14,383800000,4715000000,726000000,18658000000,5325000000,4515000000,810000000,543000000,589000000,48.613861386138616,0.02347518490727838,0.001917436413781027,0.021979929620286935,0.2854003644549255
2016-12-31,2017-02-24,HIG,-81000000,-0.22,371400000,4537000000,-91000000,16903000000,5052000000,4170000000,328000000,620000000,661000000,45.511577813677974,-0.0047920487487428266,-0.00036252640624440547,-0.0026285325161729657,0.29888185529196
2017-03-31,2017-04-27,HIG,378000000,1.02,371400000,4169000000,577000000,17009000000,5137000000,4800000000,337000000,184000000,225000000,45.796984383414106,0.022223528720089366,0.0016771079205636502,0.016665086790108957,0.30201657945793403
2017-06-30,2017-07-27,HIG,-40000000,-0.11,361904761,4214000000,-107000000,17288000000,5137000000,4775000000,362000000,618000000,669000000,47.76947380363421,-0.0023137436372049976,-0.00017709850661684295,-0.004952495305017031,0.29714252660805185
2017-09-30,2017-10-26,HIG,234000000,0.65,360200000,4192000000,369000000,17233000000,5138000000,4805000000,333000000,593000000,630000000,47.842865074958354,0.013578599199210816,0.0010436597669159853,0.009451279282043723,0.2981489003655777
2017-12-31,2018-02-23,HIG,-3703000000,-10.37,357000000,2866000000,288000000,13494000000,4998000000,4818000000,180000000,541000000,662000000,37.79831932773109,-0.27441825996739294,-0.01643878185208204,-0.07233443836250096,0.3703868385949311
2018-03-31,2018-04-26,HIG,597000000,1.67,357500000,4691000000,715000000,13143000000,5168000000,4940000000,228000000,673000000,712000000,36.763636363636365,0.045423419310659664,0.002755393093517211,0.02731698418670406,0.39321311724872554
2018-06-30,2018-07-26,HIG,582000000,0.41,358300000,4789000000,737000000,12546000000,4675000000,4528000000,147000000,538000000,558000000,35.015350265140945,0.046389287422285985,0.009576306046894282,0.02915821130454377,0.37262872628726285
2018-09-30,2018-10-25,HIG,432000000,1.2,358600000,4842000000,721000000,12729000000,4676000000,4574000000,102000000,561000000,572000000,35.49637479085332,0.03393825123733207,0.007031593339518531,0.027890571926124708,0.3673501453374185
2018-12-31,2019-02-22,HIG,196000000,0.53,359100000,4633000000,345000000,13101000000,4678000000,4557000000,112000000,949000000,1001000000,36.482873851294904,0.014960690023662316,0.003145713964723065,0.01574436455667371,0.3570719792382261
2019-03-31,2019-05-01,HIG,630000000,1.74,360000000,4940000000,947000000,14340000000,4266000000,4162000000,104000000,259000000,279000000,39.833333333333336,0.043933054393305436,0.009948834565093803,0.03686227469741719,0.297489539748954
2019-06-30,2019-08-01,HIG,372000000,1.03,361400000,5092000000,632000000,15292000000,4550000000,4324000000,226000000,701000000,725000000,42.31322634200332,0.02432644520010463,0.005354675264854906,0.021584152571477635,0.29754119801203244
2019-09-30,2019-11-04,HIG,535000000,1.45,361400000,5347000000,832000000,16078000000,4846000000,4639000000,207000000,1411000000,1442000000,44.48810182623132,0.033275282995397434,0.007615007970849465,0.028473852510027015,0.3014056474685906
2019-12-31,2020-02-21,HIG,548000000,1.51,360500000,5361000000,859000000,16270000000,4848000000,4663000000,185000000,1013000000,1043000000,45.131761442441054,0.03368162261831592,0.007738254938785885,0.02869594934755208,0.2979717271051014
2020-03-31,2020-04-29,HIG,273000000,0.75,358500000,4956000000,478000000,15266000000,4349000000,4138000000,211000000,275000000,298000000,42.582984658298464,0.017882876981527577,0.003972411384669111,0.01406926406926407,0.284881435870562
2020-06-30,2020-07-31,HIG,468000000,1.29,358100000,5161000000,727000000,17072000000,4350000000,4059000000,291000000,941000000,969000000,47.67383412454622,0.027413308341143392,0.006592477813776588,0.022147555723818088,0.2548031865042174
2020-09-30,2020-10-29,HIG,459000000,1.26,358300000,5171000000,674000000,17802000000,4351000000,4178000000,173000000,1361000000,1388000000,49.68462182528607,0.02578361981799798,0.0063468797964573625,0.020882620564149225,0.244410740366251
2020-12-31,2021-02-19,HIG,537000000,1.48,358400000,5125000000,803000000,18556000000,4352000000,4201000000,151000000,1180000000,1216000000,51.77455357142857,0.028939426600560467,0.007245887924869452,0.023597134947488684,0.23453330459150679
2021-03-31,2021-04-27,HIG,249000000,0.68,358200000,5187000000,477000000,17702000000,4353000000,4177000000,176000000,736000000,759000000,49.41931881630374,0.01406620720822506,0.0033557499225077827,0.011380776086658441,0.24590441757993448
2021-06-30,2021-07-28,HIG,905000000,2.54,353700000,5589000000,1283000000,18244000000,4354000000,4177000000,177000000,814000000,838000000,51.58043539722929,0.04960534970401228,0.012109939517208157,0.04036394451630168,0.238653803990353
2021-09-30,2021-10-28,HIG,482000000,1.38,345600000,5429000000,751000000,17862000000,4943000000,4711000000,232000000,1247000000,1292000000,51.68402777777778,0.0269846601724331,0.006317997116266876,0.021352943782394898,0.2767327286977942
2021-12-31,2022-02-18,HIG,729000000,2.14,334925984,5075000000,1065000000,17843000000,4944000000,4739000000,205000000,1163000000,1204000000,53.27445720066915,0.040856358235722694,0.0095197053984173,0.03228234877335931,0.27708345009247326
2022-03-31,2022-04-28,HIG,443000000,1.3,332300000,5268000000,712000000,15897000000,4945000000,4722000000,223000000,398000000,429000000,47.83930183569064,0.0278668931244889,0.005886886727263063,0.021485038071681457,0.3110649808139901
2022-06-30,2022-07-28,HIG,444000000,1.34,327400000,5220000000,721000000,14226000000,4355000000,4097000000,258000000,928000000,974000000,43.451435552840564,0.03121045972163644,0.006132427281014337,0.024231839764230753,0.3061296218192043
2022-09-30,2022-10-27,HIG,340000000,1.05,322100000,5518000000,588000000,12955000000,4356000000,4181000000,175000000,1476000000,1521000000,40.220428438373176,0.026244693168660748,0.00473531009317419,0.01984126984126984,0.3362408336549595
2022-12-31,2023-02-24,HIG,589000000,1.85,315111248,5847000000,872000000,13631000000,4357000000,4128000000,229000000,1031000000,1084000000,43.257738612999304,0.04321032939622918,0.008066062282599764,0.03316628188524129,0.3196390580294916
2023-03-31,2023-04-27,HIG,535000000,1.7,314000000,5884000000,782000000,14340000000,4358000000,4206000000,152000000,822000000,871000000,45.6687898089172,0.03730822873082287,0.007205484248946114,0.028847190768898953,0.303905160390516
2023-06-30,2023-07-27,HIG,547000000,1.75,309400000,6022000000,801000000,14152000000,4360000000,4210000000,150000000,-99000000,-49000000,45.74014221073045,0.03865178066704353,0.0074023952906150615,0.029789783248012198,0.30808366308648955
2023-09-30,2023-10-26,HIG,651000000,2.14,304600000,6101000000,941000000,13679000000,4361000000,4250000000,111000000,1719000000,1771000000,44.9080761654629,0.04759119818700197,0.008736378764292233,0.03630988900663729,0.3188098545215294
2023-12-31,2023-12-31,HIG,771000000,2.53,300300000,6323000000,1074000000,15327000000,4362000000,4236000000,126000000,1563000000,1627000000,51.03896103896104,0.05030338618124878,0.010999201095640265,0.03941113326176967,0.2845958113133686
2024-03-31,2024-04-25,HIG,753000000,2.51,298100000,6400000000,1038000000,15468000000,4363000000,4089000000,274000000,1047000000,1097000000,51.88862797718886,0.0486811481768813,0.01066330576639855,0.038502837858567264,0.2820662011895526
2024-06-30,2024-07-25,HIG,738000000,2.48,295500000,6470000000,972000000,15680000000,4364000000,4210000000,154000000,1199000000,1260000000,53.06260575296108,0.04706632653061225,0.010251851028657952,0.037104072398190045,0.2783163265306122
2024-09-30,2024-10-24,HIG,767000000,2.6,292600000,6714000000,1037000000,17008000000,4365000000,4142000000,223000000,1618000000,1678000000,58.127136021872865,0.0450964252116651,0.009443603097797314,0.036264775413711585,0.2566439322671684
2024-12-31,2025-02-21,HIG,853000000,2.93,292600000,6800000000,1158000000,16447000000,4366000000,4183000000,183000000,1900000000,1874000000,56.209842788790155,0.05186356174378306,0.01054166615173573,0.04134755210857974,0.2654587462759166
2025-03-31,2025-04-24,HIG,630000000,2.18,286600000,6771000000,875000000,16844000000,4368000000,4230000000,138000000,947000000,985000000,58.77180739706908,0.0374020422702446,0.007654269989186825,0.029894656923222927,0.2593208264070292
2025-06-30,2025-07-28,HIG,995000000,3.49,283700000,6987000000,1340000000,17518000000,4369000000,4203000000,166000000,1251000000,1291000000,61.74832569615791,0.05679872131521863,0.011896364136347875,0.04580820404217117,0.24940061650873388
