date,filingDate,symbol,netIncome,eps,weightedAverageShsOut,revenue,ebitda,totalStockholdersEquity,totalDebt,netDebt,cashAndCashEquivalents,freeCashFlow,operatingCashFlow,bookValuePerShare,ROE,ROA,ROIC,debtToEquity
2015-10-31,2015-12-17,HPE,1385000000,0.79,1742520126,13448000000,2063000000,33535000000,15794000000,5952000000,9842000000,-896000000,-158000000,19.24511487679655,0.04130013418816162,0.01704195890242402,0.34277679420384616,0.4709706277024005
2016-01-31,2016-03-10,HPE,267000000,0.15,1761000000,12724000000,1800000000,31249000000,16139000000,7634000000,8505000000,-907000000,-75000000,17.7450312322544,0.008544273416749336,0.0034517530251318646,0.017457484582999058,0.5164645268648597
2016-04-30,2016-06-08,HPE,320000000,0.19,1725000000,8509000000,1632000000,31634000000,16212000000,7202000000,9010000000,387000000,1107000000,18.33855072463768,0.010115698299298223,0.004099200655872105,0.016922187729030487,0.5124865650881962
2016-07-31,2016-09-08,HPE,2272000000,1.35,1681000000,12253000000,1866000000,32426000000,16265000000,5522000000,10743000000,854000000,1714000000,19.289708506841166,0.07006723000061679,0.028824805572119104,0.0,0.5016036513908592
2016-10-31,2016-12-15,HPE,302000000,0.18,1672000000,12483000000,1975000000,31448000000,15693000000,2706000000,12987000000,1344000000,2212000000,18.80861244019139,0.009603154413635207,0.003790208210444408,0.00985157542515392,0.4990142457389977
2017-01-31,2017-03-09,HPE,267000000,0.16,1669000000,11328000000,1277000000,31501000000,15790000000,5932000000,9858000000,-2387000000,-1464000000,18.87417615338526,0.008475921399320657,0.0034828206934335135,0.008831779445943419,0.501253928446716
2017-04-30,2017-06-08,HPE,-612000000,-0.37,1648275862,7443000000,970000000,29011000000,13914000000,5813000000,8101000000,-122000000,636000000,17.600815900318025,-0.021095446554755093,-0.009070698088039128,-0.02479796566837938,0.4796111819654614
2017-07-31,2017-09-07,HPE,165000000,0.1,1641000000,7546000000,978000000,29012000000,16596000000,8839000000,7757000000,167000000,891000000,17.679463741620964,0.00568730180614918,0.0023262043394284585,0.023067584675199693,0.5720391562112229
2017-10-31,2017-12-15,HPE,524000000,0.32,1618000000,7737000000,449000000,23466000000,14032000000,4453000000,9579000000,94000000,826000000,14.503090234857849,0.022330179834654393,0.008533368074780966,0.009620974011315836,0.5979715332821955
2018-01-31,2018-03-09,HPE,1436000000,0.9,1591000000,7720000000,15000000,23951000000,13955000000,6282000000,7673000000,-527000000,142000000,15.054054054054054,0.059955742975241116,0.02330450023531703,0.046258684642125764,0.582647906141706
2018-04-30,2018-06-07,HPE,778000000,0.5,1552000000,7533000000,591000000,23932000000,13825000000,6839000000,6986000000,-446000000,247000000,15.420103092783505,0.03250877486210931,0.012993519941211838,0.015240502981423397,0.5776784221962227
2018-07-31,2018-09-04,HPE,451000000,0.3,1513000000,7735000000,1184000000,23426000000,12289000000,7096000000,5193000000,482000000,1249000000,15.48314606741573,0.019252113036796723,0.007841705353572237,0.017293078921391442,0.5245880645436695
2018-10-31,2018-12-12,HPE,-757000000,-0.52,1459000000,7888000000,1344000000,21239000000,12141000000,7261000000,4880000000,499000000,1326000000,14.557230980123371,-0.03564197937756015,-0.01364136017155317,-0.03287207602339181,0.5716370827251754
2019-01-31,2019-03-05,HPE,177000000,0.13,1401000000,7473000000,1398000000,18293000000,12353000000,8572000000,3781000000,-347000000,382000000,13.057102069950036,0.009675832285573716,0.0034197611963367983,0.00763461071259606,0.6752856283824413
2019-04-30,2019-05-31,HPE,419000000,0.31,1367000000,7104000000,1128000000,18198000000,12446000000,8861000000,3585000000,188000000,987000000,13.312362838332113,0.023024508187712935,0.008193195150567071,0.016892379950881744,0.6839213100340696
2019-07-31,2019-08-30,HPE,-27000000,-0.0202,1334000000,7174000000,453000000,17533000000,12660000000,8967000000,3693000000,571000000,1196000000,13.143178410794603,-0.00153995323105002,-0.0005319148936170213,-0.0006882164471342113,0.7220669594478982
2019-10-31,2019-12-13,HPE,480000000,0.37,1308000000,7150000000,1424000000,17098000000,13820000000,10067000000,3753000000,729000000,1432000000,13.071865443425077,0.02807345888408001,0.009265872632859102,0.01974715756560683,0.8082816703708036
2020-01-31,2020-03-09,HPE,333000000,0.26,1300000000,6923000000,1130000000,17189000000,13872000000,10701000000,3171000000,-647000000,-79000000,13.222307692307693,0.019372854732677875,0.006373937677053824,0.013898137239836772,0.8070277503054278
2020-04-30,2020-06-02,HPE,-821000000,-0.64,1282812500,5961000000,-36000000,16210000000,16715000000,11584000000,5131000000,-491000000,100000000,12.636297198538367,-0.05064774830351635,-0.015060075208658168,-0.02195140869784735,1.0311536088834052
2020-07-31,2020-09-03,HPE,9000000,0.01,1292000000,6793000000,608000000,16155000000,19457000000,10992000000,8465000000,852000000,1472000000,12.503869969040247,0.0005571030640668524,0.00015453562046051616,0.00033152834567355503,1.204394924172083
2020-10-31,2020-12-10,HPE,157000000,0.12,1287000000,7267000000,860000000,16049000000,17027000000,12794000000,4233000000,143000000,747000000,12.47008547008547,0.009782540968284629,0.002906600018513376,0.009057587629580834,1.0609383762228177
2021-01-31,2021-03-04,HPE,223000000,0.17,1300000000,6897000000,879000000,16212000000,15690000000,11525000000,4165000000,450000000,963000000,12.47076923076923,0.013755243029854428,0.0041720454247815755,0.008039802429967192,0.9678016284233901
2021-04-30,2021-06-03,HPE,259000000,0.2,1309000000,6735000000,969000000,16560000000,15827000000,11202000000,4625000000,287000000,822000000,12.650878533231474,0.01564009661835749,0.0047846006059262544,0.010689821818793074,0.9557367149758454
2021-07-31,2021-09-03,HPE,392000000,0.3,1314000000,6911000000,1115000000,17020000000,16225000000,10932000000,5293000000,446000000,1130000000,12.952815829528157,0.023031727379553467,0.006945797969417226,0.016303811460039872,0.9532902467685076
2021-10-31,2021-12-10,HPE,2553000000,1.95,1312000000,7322000000,3505000000,19971000000,14578000000,10582000000,3996000000,2186000000,2956000000,15.221798780487806,0.12783536127384706,0.044246867363385844,0.08903088777814663,0.7299584397376195
2022-01-31,2022-03-03,HPE,513000000,0.39,1304000000,6896000000,1206000000,20318000000,14072000000,10211000000,3861000000,-700000000,-76000000,15.581288343558283,0.02524854808544148,0.00886423720906122,0.019939475630426747,0.6925878531351511
2022-04-30,2022-06-03,HPE,250000000,0.19,1307000000,6656000000,1244000000,20532000000,13501000000,10474000000,3027000000,-346000000,379000000,15.709257842387146,0.012176115332164426,0.004438605212697962,0.018200077217406265,0.6575589323982077
2022-07-31,2022-09-01,HPE,409000000,0.31,1305000000,6837000000,1325000000,20611000000,13880000000,10118000000,3762000000,481000000,1254000000,15.793869731800767,0.019843772742710205,0.0070914607715648025,0.0202230202627867,0.6734268109262045
2022-10-31,2022-12-08,HPE,-304000000,-0.23,1296000000,7719000000,643000000,19864000000,13484000000,9321000000,4163000000,2036000000,3036000000,15.32716049382716,-0.015304067660088603,-0.00532184934264657,0.0007294334557533823,0.6788159484494563
2023-01-31,2023-03-07,HPE,501000000,0.39,1298000000,7759000000,1279000000,20011000000,12926000000,10396000000,2530000000,-1623000000,-829000000,15.416795069337443,0.025036230073459596,0.009012250184382365,0.016476469234057947,0.6459447303982809
2023-04-30,2023-06-02,HPE,418000000,0.32,1304000000,6996000000,1214000000,20366000000,13376000000,10595000000,2781000000,201000000,889000000,15.618098159509202,0.020524403417460473,0.007524887936776539,0.014561267970172832,0.6567809093587351
2023-07-31,2023-09-01,HPE,464000000,0.36,1299000000,7018000000,1190000000,20622000000,13352000000,10433000000,2919000000,854000000,1525000000,15.875288683602772,0.02250024245950926,0.008224762917663742,0.014941233295765579,0.64746387353312
2023-10-31,2023-12-22,HPE,642000000,0.5,1295000000,7334000000,1528000000,21182000000,13515000000,9245000000,4270000000,2168000000,2843000000,16.356756756756756,0.030308752714568975,0.0112330061414099,0.03355195207879973,0.6380417335473515
2024-01-31,2024-03-05,HPE,387000000,0.3,1301000000,6731000000,1140000000,21416000000,12797000000,9039000000,3758000000,-592000000,64000000,16.46118370484243,0.01807060141949944,0.006603870175079349,0.012707273025775737,0.5975438924168845
2024-04-30,2024-06-05,HPE,314000000,0.24,1311000000,7182000000,1259000000,21680000000,11257000000,8581000000,2676000000,533000000,1093000000,16.536994660564453,0.01448339483394834,0.00525866255798764,0.014387042468353045,0.5192343173431734
2024-07-31,2024-09-05,HPE,512000000,0.39,1312000000,7673000000,1233000000,22077000000,11803000000,8161000000,3642000000,611000000,1154000000,16.826981707317074,0.023191556823843818,0.008413856570038783,0.016932336794761558,0.5346287992027903
2024-10-31,2024-12-19,HPE,1366000000,1.02,1312000000,8482000000,2079000000,24816000000,19816000000,4970000000,14846000000,1422000000,2030000000,18.914634146341463,0.05504513217279175,0.019168701411692066,0.04657248997210447,0.7985170857511283
2025-01-31,2025-03-07,HPE,627000000,0.45,1316000000,7810000000,1514000000,25224000000,17877000000,4446000000,13431000000,-918000000,-390000000,19.167173252279635,0.024857278782112274,0.008915494760191676,0.02637953366982234,0.7087297811607992
2025-04-30,2025-06-04,HPE,-1050000000,-0.82,1322000000,7588000000,-471000000,23867000000,17530000000,5863000000,11667000000,-1008000000,-461000000,18.053706505295008,-0.043993798969288136,-0.01547440091962154,-0.035317860746720484,0.7344869485063058
2025-07-31,2025-09-04,HPE,305000000,0.21,1325000000,9136000000,730000000,24402000000,23653000000,19082000000,4571000000,2380000000,1305000000,18.416603773584907,0.012498975493811983,0.003943625549521593,0.0010472402365110027,0.9693057946069994
