date,filingDate,symbol,netIncome,eps,weightedAverageShsOut,revenue,ebitda,totalStockholdersEquity,totalDebt,netDebt,cashAndCashEquivalents,freeCashFlow,operatingCashFlow,bookValuePerShare,ROE,ROA,ROIC,debtToEquity
2015-10-25,2015-12-16,HRL,187231000,0.36,528648000,2400858000,327384000,3998198000,435000000,87761000,347239000,257963000,301747000,7.5630627563142205,0.046828846395301084,0.03049448755185607,0.04648111541000795,0.10879901395578709
2016-01-24,2016-03-04,HRL,235061000,0.44,528862000,2292672000,391342000,4160288000,250000000,-125215000,375215000,246622000,278691000,7.866490691333467,0.05650113645978355,0.03891165687699277,0.059164399660281905,0.06009199363121015
2016-04-24,2016-06-03,HRL,215397000,0.41,529898000,2300235000,359330000,4306483000,250000000,-129881000,379881000,65370000,130444000,8.127003687502123,0.050016916356107756,0.03525120103693,0.05205100963289563,0.05805201135125809
2016-07-24,2016-09-02,HRL,195654000,0.37,529660000,2302376000,309876000,4390751000,395000000,15403000,379597000,146456000,212551000,8.289753804327304,0.0445604863496017,0.03062694173423684,0.04494250682385273,0.08996183113093865
2016-10-30,2016-12-21,HRL,243940000,0.46,528778000,2627941000,403469000,4448006000,250000000,-165143000,415143000,285103000,371162000,8.411859041034234,0.05484255192101809,0.038294730651969595,0.05752958414198943,0.056204960155179645
2017-01-29,2017-03-10,HRL,235147000,0.44,528585000,2280227000,389130000,4571981000,250000000,-359821000,609821000,157354000,195249000,8.649471702753578,0.05143219099116991,0.03693564241506736,0.056339247554010013,0.05468089215593853
2017-04-30,2017-06-09,HRL,210926000,0.4,528712000,2187309000,350859000,4683104000,250000000,-298901000,548901000,46223000,85303000,8.85757085142762,0.04503978557811229,0.03303095491227518,0.048561742387588674,0.053383396994813696
2017-07-30,2017-09-08,HRL,182508000,0.35,528165000,2207375000,313874000,4749713000,250000000,-383341000,633341000,210156000,250317000,8.99285829238969,0.038425058524588745,0.02804378941804389,0.04226809604302893,0.05263475919492399
2017-10-29,2017-12-20,HRL,218154000,0.41,527990000,2492608000,368442000,4935907000,250000000,-194122000,444122000,397426000,498723000,9.348485766775886,0.04419734812669688,0.031272488111941846,0.046549950710146996,0.05064925250820163
2018-01-28,2018-03-09,HRL,303107000,0.57,529453000,2331293000,349017000,5151331000,879726000,493951000,385775000,251234000,304177000,9.729534066291059,0.05884052102262503,0.038568884396288104,0.0545428412205575,0.17077644593212898
2018-04-29,2018-06-08,HRL,237384000,0.45,529799000,2330568000,345077000,5287205000,809763000,548192000,261571000,57386000,139164000,9.979643223184642,0.04489782408663935,0.030318213265840322,0.041663517987587315,0.15315521149643338
2018-07-29,2018-09-07,HRL,210243000,0.4,530606000,2359142000,306959000,5391601000,719801000,450819000,268982000,197852000,299864000,10.161213781977589,0.03899453984076344,0.026628634264650956,0.03718277525612634,0.13350412984937127
2018-10-28,2018-12-07,HRL,261406000,0.49,533110000,2524697000,368583000,5600811000,624840000,165704000,459136000,355399000,498524000,10.505919978991203,0.04667288362346096,0.03210471940824525,0.0462400091485292,0.11156241480028517
2019-01-27,2019-03-05,HRL,241425000,0.45,534495000,2360355000,353140000,5701709000,624878000,112189000,512689000,178300000,187425000,10.667469293445215,0.042342567816070584,0.029603092332219715,0.04237351270727877,0.10959486006739383
2019-04-28,2019-06-04,HRL,282429000,0.53,535480000,2344744000,364386000,5897336000,250000000,-389327000,639327000,130839000,178168000,11.013176962725032,0.04789094601358986,0.03558947521625254,0.05221956750992155,0.04239202243182345
2019-07-28,2019-09-03,HRL,199449000,0.37,534188000,2290705000,305685000,5887071000,250000000,-310199000,560199000,145800000,207319000,11.020597617318247,0.03387915654491003,0.02507349228921818,0.0361998652897056,0.04246593934403033
2019-10-27,2019-12-06,HRL,255503000,0.48,534151000,2501513000,369783000,5921458000,250000000,-422901000,672901000,211621000,350084000,11.085737928039075,0.04314866372437329,0.03150855518137616,0.04692314623020097,0.04221933179294694
2020-01-26,2020-03-03,HRL,242872000,0.45,535075000,2384434000,343068000,6091764000,317231000,-407188000,724419000,131321000,188418000,11.384878755314675,0.039868911533670705,0.029296599115886172,0.043265852458632424,0.052075392283745726
2020-04-26,2020-06-02,HRL,227734000,0.42,538119000,2422465000,344048000,6162061000,315156000,-290917000,606073000,279520000,359872000,11.451112114606621,0.03695744005130751,0.02712675283594243,0.03971193202053462,0.05114457646556891
2020-07-26,2020-09-01,HRL,203119000,0.38,539108000,2381457000,314945000,6267425000,1305509000,-423859000,1729368000,241530000,329797000,11.625546272731995,0.03240868458737041,0.021157188938210537,0.03555138115190996,0.20830069765493803
2020-10-25,2020-12-04,HRL,234356000,0.43,539726000,2420105000,343011000,6425548000,1303627000,-410682000,1714309000,109267000,249938000,11.905203751533186,0.03647253121445829,0.023652536332736594,0.04014806331453393,0.20288183980572552
2021-01-24,2021-03-02,HRL,222283000,0.41,539913000,2461147000,336352000,6550532000,1301740000,-449801000,1751541000,165323000,205686000,12.13256950656865,0.03393357974588934,0.02232220505221365,0.03753619968364681,0.1987227907595902
2021-04-25,2021-06-01,HRL,227901000,0.42,540195000,2606621000,352672000,6700672000,1049819000,-434714000,1484533000,110391000,155573000,12.404172567313655,0.034011663307799575,0.023045900274688936,0.03734258258523748,0.1566736888479245
2021-07-25,2021-09-03,HRL,176917000,0.33,541746000,2863670000,275124000,6788284000,3324994000,3033631000,291363000,22710000,76527000,12.530381396447781,0.026062109363721376,0.014345960836452138,0.019061504927900978,0.4898136259472939
2021-10-31,2021-12-10,HRL,281738000,0.52,542496000,3454751000,433735000,6972883000,3323903000,2710373000,613530000,471399000,564148000,12.853335324131422,0.04040480816901704,0.02219050876832193,0.03038437641507672,0.4766899143438948
2022-01-30,2022-03-08,HRL,239571000,0.44,542680000,3044358000,387824000,7100589000,3317979000,2493545000,824434000,334397000,383756000,13.084301982752267,0.03373959540539524,0.018677074289103562,0.02616918457748339,0.4672822212354496
2022-05-01,2022-06-02,HRL,261617000,0.48,544702000,3096559000,398682000,7339402000,3302185000,2440466000,861719000,114889000,193355000,13.474160182999144,0.03564554714403163,0.019936881313840457,0.027975425475146382,0.44992562064320774
2022-07-31,2022-09-01,HRL,218915000,0.4,546077000,3034414000,370583000,7361676000,3303094000,2452750000,850344000,125075000,186046000,13.481021907166937,0.02973711421149206,0.01665966790401949,0.023497585625735718,0.44868777164330514
2022-10-30,2022-12-06,HRL,279884000,0.51,546213000,3283475000,446282000,7535284000,3299345000,2317238000,982107000,282086000,371820000,13.795504684070133,0.037143125594204546,0.021032967886856452,0.029819564599011823,0.4378527736977133
2023-01-29,2023-03-02,HRL,217719000,0.4,547020000,2970992000,361051000,7613904000,3301488000,2701699000,599789000,166577000,203629000,13.918876823516507,0.028594923182640602,0.01639074227472055,0.02247572011005384,0.4336130321580099
2023-04-30,2023-06-01,HRL,217239000,0.4,546424000,2977639000,358902000,7686507000,3303394000,2722898000,580496000,154616000,208126000,14.066927880180959,0.02826238237992888,0.016314445793307097,0.022238406404734033,0.4297653017163713
2023-07-30,2023-08-31,HRL,162679000,0.3,546358000,2963299000,290081000,7713265000,3307361000,2638237000,669124000,239323000,317001000,14.117602377928025,0.021090809145024838,0.012116030698999022,0.017094742581241603,0.4287887165811106
2023-10-29,2023-12-06,HRL,195935000,0.36,546517000,3198080000,301045000,7734885000,3309248000,2572716000,736532000,217410000,319091000,14.15305470827074,0.025331339767818137,0.014568988157431772,0.02038158988758331,0.4278341565517781
2024-01-28,2024-02-29,HRL,218863000,0.4,547020000,2996911000,367940000,7844111000,3311207000,2347995000,963212000,356769000,403979000,14.339715184088334,0.027901568450522947,0.016196497842112287,0.022837941037077408,0.42212648444164036
2024-04-28,2024-05-30,HRL,189278000,0.35,547868000,2887352000,329447000,7885990000,3809896000,2323528000,1486368000,176183000,236148000,14.393959858944125,0.024001805733966184,0.013390378874331792,0.0201781562478648,0.4831220937383892
2024-07-28,2024-09-04,HRL,176701000,0.32,548685000,2898443000,310836000,7867119000,2859853000,2322377000,537476000,152509000,217990000,14.338133901965609,0.022460700035171706,0.013474451037423913,0.018993786736655,0.36351973320856085
2024-10-27,2024-12-05,HRL,220196000,0.4,548942000,3138091000,365862000,7993420000,2858757000,2116876000,741881000,324836000,408621000,14.561501943739048,0.027547157537074242,0.01639005892861702,0.02326559159504005,0.35763878289893436
2025-01-26,2025-02-27,HRL,170575000,0.31,549460000,2988813000,303653000,8028342000,2857393000,2016995000,840398000,237039000,309206000,14.611331125104648,0.021246603595113413,0.012726169757517504,0.018491067904328848,0.3559132134630039
2025-04-27,2025-05-29,HRL,180017000,0.33,550277000,2898810000,313968000,8032337000,2857946000,2188258000,669688000,-18643000,56440000,14.59689756250034,0.02241153477499761,0.013412276498069411,0.01907532215332933,0.3558050415464391
2025-07-27,2025-08-28,HRL,183742000,0.33,550048000,3032876000,320667000,8083268000,2856905000,2257716000,599189000,84504000,156698000,14.695568386758973,0.02273115279612157,0.013613820122005885,0.019225539339195213,0.3534344030162058
