date,filingDate,symbol,netIncome,eps,weightedAverageShsOut,revenue,ebitda,totalStockholdersEquity,totalDebt,netDebt,cashAndCashEquivalents,freeCashFlow,operatingCashFlow,bookValuePerShare,ROE,ROA,ROIC,debtToEquity
2015-09-30,2015-10-30,HST,85000000,0.11,746400000,1287000000,315000000,6960000000,4278000000,4013000000,265000000,93000000,256000000,9.32475884244373,0.01221264367816092,0.0070951585976627716,0.011701836810275125,0.6146551724137931
2015-12-31,2016-02-22,HST,163000000,0.22,753200000,1334000000,406000000,7064000000,4017000000,3778000000,239000000,177000000,353000000,9.378651088688263,0.023074745186862967,0.013832315003394434,0.021265039250650764,0.5686579841449604
2016-03-31,2016-04-29,HST,182000000,0.24,749600000,1339000000,395000000,7020000000,3961000000,3727000000,234000000,40000000,219000000,9.364994663820704,0.025925925925925925,0.015568862275449102,0.02093660689361815,0.5642450142450143
2016-06-30,2016-07-29,HST,347000000,0.47,744000000,1459000000,600000000,7175000000,3715000000,3449000000,266000000,230000000,393000000,9.643817204301076,0.04836236933797909,0.029934437543133196,0.036402627481204194,0.5177700348432056
2016-09-30,2016-11-02,HST,107000000,0.14,740600000,1295000000,313000000,7091000000,3752000000,3412000000,340000000,189000000,305000000,9.574669187145558,0.015089550133972642,0.009270490382949229,0.01335951258020768,0.5291214215202369
2016-12-31,2017-02-24,HST,126000000,0.17,737900000,1337000000,345000000,6994000000,3649000000,3277000000,372000000,294000000,386000000,9.478249085241902,0.018015441807263367,0.011044880785413744,0.015627293983831808,0.5217329139262225
2017-03-31,2017-05-02,HST,158000000,0.21,738000000,1348000000,347000000,7026000000,3988000000,3577000000,411000000,129000000,209000000,9.520325203252032,0.022487902077996016,0.013417119565217392,0.019004968161780142,0.5676060347281526
2017-06-30,2017-07-28,HST,210000000,0.28,738600000,1441000000,420000000,7101000000,3992000000,3348000000,644000000,340000000,403000000,9.614134849715679,0.029573299535276723,0.01771553905854564,0.023939349163960757,0.5621743416420223
2017-09-30,2017-11-02,HST,104000000,0.14,738800000,1254000000,300000000,7079000000,3961000000,3172000000,789000000,187000000,252000000,9.581754195993502,0.014691340584828365,0.008835273128876052,0.013239126496369694,0.5595423082356265
2017-12-31,2018-02-27,HST,92000000,0.12,739000000,1344000000,345000000,6973000000,3954000000,3041000000,913000000,297000000,366000000,9.43572395128552,0.013193747311056934,0.007867955186863935,0.012326379432430961,0.5670443137817295
2018-03-31,2018-05-03,HST,253000000,0.34,739200000,1346000000,349000000,7099000000,4266000000,3943000000,323000000,133000000,248000000,9.603625541125542,0.035638822369347796,0.020971485411140585,0.027107686734565924,0.6009297084096351
2018-06-30,2018-08-08,HST,209000000,0.28,739700000,1518000000,451000000,7138000000,4228000000,3582000000,646000000,321000000,407000000,9.649858050561038,0.029279910339030542,0.017308488612836438,0.02356760604870385,0.5923227794900532
2018-09-30,2018-11-05,HST,322000000,0.43,739900000,1299000000,321000000,7322000000,4079000000,2810000000,1269000000,167000000,286000000,9.895931882686849,0.04397705544933078,0.02649115590292061,0.04130477694433478,0.5570882272603114
2018-12-31,2019-02-26,HST,303000000,0.41,740300000,1361000000,351000000,7494000000,3837000000,2295000000,1542000000,205000000,359000000,10.122923139267865,0.04043234587670136,0.025062034739454096,0.03412304978559046,0.5120096076861489
2019-03-31,2019-05-03,HST,186000000,0.25,740600000,1390000000,386000000,7513000000,4487000000,3405000000,1082000000,97000000,207000000,10.144477450715636,0.02475708771462798,0.01478890037369802,0.02120807274408273,0.5972314654598696
2019-06-30,2019-08-08,HST,286000000,0.39,739100000,1483000000,447000000,7467000000,4463000000,3356000000,1107000000,287000000,417000000,10.102827763496144,0.0383018615240391,0.022834331337325348,0.030560069665243286,0.597696531404848
2019-09-30,2019-11-07,HST,368000000,0.51,725500000,1262000000,302000000,7499000000,5000000000,2970000000,2030000000,138000000,290000000,10.336319779462439,0.04907320976130151,0.028023149558330795,0.03988066083655291,0.6667555674089879
2019-12-31,2020-02-25,HST,80000000,0.11,716300000,1334000000,341000000,7319000000,4400000000,2827000000,1573000000,170000000,336000000,10.217785843920145,0.010930454980188551,0.00650142218610321,0.01533897235197576,0.6011750239103703
2020-03-31,2020-05-08,HST,-3000000,-0.0042,708100000,1052000000,157000000,7064000000,5904000000,3108000000,2796000000,26000000,157000000,9.975992091512499,-0.0004246885617214043,-0.00022311468094600624,-2.211954384585134e-05,0.8357870894677236
2020-06-30,2020-07-31,HST,-352000000,-0.5,704000000,103000000,-183000000,6717000000,5150000000,3572000000,1578000000,-341000000,-172000000,9.541193181818182,-0.05240434717880006,-0.028876127973748975,-0.03115726644259507,0.7667113294625577
2020-09-30,2020-11-06,HST,-313000000,-0.44,705200000,198000000,-153000000,6402000000,6250000000,3820000000,2430000000,-233000000,-149000000,9.078275666477595,-0.048890971571383945,-0.023946140310611277,-0.025668714939650807,0.9762574195563887
2020-12-31,2021-02-25,HST,-64000000,-0.0907,705300000,267000000,-104000000,6321000000,6151000000,3816000000,2335000000,-258000000,-143000000,8.962143768609103,-0.010124980224647999,-0.004965089216446858,-0.013572518041295787,0.9731055212782788
2021-03-31,2021-05-05,HST,-152000000,-0.22,690909090,399000000,6000000,6145000000,6149000000,4141000000,2008000000,-142000000,-49000000,8.894078959071157,-0.024735557363710334,-0.011948746167754107,-0.011735226785297282,1.0006509357200977
2021-06-30,2021-08-05,HST,-60000000,-0.0848,707600000,649000000,125000000,6232000000,6149000000,4699000000,1450000000,-78000000,9000000,8.807235726399096,-0.009627727856225931,-0.004684206417362792,-0.002689377949084785,0.9866816431322208
2021-09-30,2021-11-05,HST,-119000000,-0.17,700000000,844000000,163000000,6121000000,6117000000,5079000000,1038000000,5000000,118000000,8.744285714285715,-0.019441267766704788,-0.009361233480176211,-0.007250268528464017,0.9993465120078419
2021-12-31,2022-02-24,HST,320000000,0.45,714000000,998000000,241000000,6441000000,5455000000,4648000000,807000000,80000000,214000000,9.021008403361344,0.04968172643999379,0.025906735751295335,0.03499078181555737,0.8469181804067691
2022-03-31,2022-05-06,HST,116000000,0.16,714300000,1074000000,294000000,6520000000,4785000000,4519000000,266000000,139000000,261000000,9.127817443651127,0.017791411042944787,0.009806407980387184,0.014462094286034005,0.7338957055214724
2022-06-30,2022-08-05,HST,256000000,0.36,714800000,1381000000,482000000,6777000000,4784000000,4085000000,699000000,329000000,447000000,9.480973698936765,0.037774826619448136,0.021255396878113585,0.02689872151017108,0.705917072450937
2022-09-30,2022-11-04,HST,114000000,0.16,714900000,1189000000,302000000,6812000000,4784000000,3901000000,883000000,231000000,348000000,9.528605399356554,0.01673517322372284,0.009369606312155832,0.014378118816880975,0.7022900763358778
2022-12-31,2023-02-22,HST,147000000,0.21,715000000,1263000000,345000000,6710000000,4783000000,4116000000,667000000,213000000,360000000,9.384615384615385,0.021907600596125187,0.011981416578368246,0.01781669699277994,0.7128166915052161
2023-03-31,2023-05-05,HST,287000000,0.4,713400000,1381000000,510000000,6858000000,4778000000,4215000000,563000000,162000000,308000000,9.613120269133725,0.04184893554972295,0.023476482617586912,0.030463139086096453,0.6967045785943424
2023-06-30,2023-08-04,HST,210000000,0.3,711300000,1393000000,418000000,6972000000,4777000000,3975000000,802000000,335000000,512000000,9.801771404470687,0.030120481927710843,0.016983420946219168,0.023407037736846915,0.6851692484222605
2023-09-30,2023-11-06,HST,111000000,0.16,709700000,1214000000,280000000,6870000000,4777000000,3861000000,916000000,165000000,314000000,9.680146540791885,0.016157205240174673,0.009030263586072241,0.018323082657720622,0.6953420669577874
2023-12-31,2024-02-28,HST,132000000,0.19,704500000,1323000000,337000000,6633000000,4772000000,3628000000,1144000000,133000000,307000000,9.415188076650107,0.01990049751243781,0.01078167115902965,0.019889281364771083,0.719433137343585
2024-03-31,2024-05-03,HST,268000000,0.38,704000000,1471000000,448000000,6736000000,5074000000,3725000000,1349000000,262000000,365000000,9.568181818181818,0.03978622327790974,0.021501925545571246,0.03052749719416386,0.7532660332541568
2024-06-30,2024-08-02,HST,239000000,0.34,704300000,1466000000,426000000,6814000000,4958000000,4153000000,805000000,326000000,447000000,9.674854465426664,0.0350748459054887,0.019263319094059806,0.026342593672490342,0.7276196066921045
2024-09-30,2024-11-08,HST,82000000,0.12,704300000,1319000000,346000000,6712000000,5640000000,5076000000,564000000,198000000,349000000,9.530029816839415,0.012216924910607866,0.006269113149847095,0.011797307996832937,0.8402860548271752
2024-12-31,2025-02-26,HST,108000000,0.15,699000000,1428000000,366000000,6609000000,5643000000,5089000000,554000000,158000000,331000000,9.454935622317597,0.016341352700862462,0.00827713059472716,0.015288481808358246,0.8538356786200636
2025-03-31,2025-05-02,HST,248000000,0.35,697800000,1594000000,503000000,6650000000,5644000000,5216000000,428000000,159000000,305000000,9.529951275437089,0.03729323308270677,0.01915501660616359,0.02597572897353784,0.8487218045112782
2025-06-30,2025-08-01,HST,221000000,0.32,692500000,1586000000,505000000,6638000000,5643000000,5153000000,490000000,292000000,444000000,9.585559566787003,0.03329316059053932,0.01705246913580247,0.023474320607727448,0.8501054534498342
