date,filingDate,symbol,netIncome,eps,weightedAverageShsOut,revenue,ebitda,totalStockholdersEquity,totalDebt,netDebt,cashAndCashEquivalents,freeCashFlow,operatingCashFlow,bookValuePerShare,ROE,ROA,ROIC,debtToEquity
2015-09-30,2015-10-28,IDXX,44223000,0.48,91944000,406387000,90862000,-38892000,1142056000,1000906000,141150000,56302000,76946000,-0.4229966066301227,-1.1370718913915459,0.029936840395069084,0.05147156645967057,-29.36480510130618
2015-12-31,2016-02-17,IDXX,44349000,0.49,90841000,399685000,85440000,-84125000,1170085000,1041091000,128994000,58492000,73896000,-0.9260686254004249,-0.5271797919762259,0.030067261336155494,0.052535834022881193,-13.90888558692422
2016-03-31,2016-04-29,IDXX,46019000,0.51,89924000,417550000,93159000,-73922000,1222021000,1089068000,132953000,1320000,23226000,-0.8220497308838575,-0.6225345634587809,0.031122370653712483,0.05101610681583662,-16.531222098969184
2016-06-30,2016-08-02,IDXX,67202000,0.75,89824000,466569000,124754000,-8638000,1155958000,1014819000,141139000,94953000,110915000,-0.09616583541147132,-7.779810141236397,0.045124999916064626,0.07244898431485203,-133.8224125955082
2016-09-30,2016-11-01,IDXX,56455000,0.63,89894000,448308000,109077000,54850000,1087137000,937065000,150072000,88227000,100315000,0.610163080962022,1.0292616226071103,0.03762738524497291,0.06234756319449491,19.820182315405653
2016-12-31,2017-02-17,IDXX,52369000,0.59,89294000,442996000,105123000,-108352000,1204110000,1049209000,154901000,85284000,100115000,-1.2134297937151433,-0.4833228735971648,0.034212362416247685,0.06125991799933911,-11.112946692262256
2017-03-31,2017-04-28,IDXX,69019000,0.78,88117000,462021000,113633000,-74090000,1265868000,1105460000,160408000,7627000,31274000,-0.8408139178592099,-0.931556215413686,0.04390267484515845,0.07374440393592284,-17.0855446079093
2017-06-30,2017-08-01,IDXX,85357000,0.97,88004000,508940000,144326000,-86335000,1304891000,1138916000,165975000,95273000,110192000,-0.9810349529566837,-0.9886720333584293,0.05213797012711826,0.08762343682793562,-15.114275786181734
2017-09-30,2017-10-31,IDXX,70511000,0.81,87537000,491976000,122540000,-48622000,1290399000,1121380000,169019000,94560000,110684000,-0.55544512606098,-1.4501871580765908,0.04223900070327448,0.07270390687015249,-26.539406030192094
2017-12-31,2018-02-16,IDXX,38257000,0.44,87427000,506121000,120923000,-54106000,1261075000,1073400000,187675000,99112000,121126000,-0.6188706006153706,-0.7070750009241119,0.02232791102686096,0.04163520768577969,-23.307489003068053
2018-03-31,2018-05-04,IDXX,89451000,1.02,87331000,537656000,134427000,-49272000,1016505000,857276000,159229000,11172000,34898000,-0.5641982801067205,-1.8154529956161713,0.060872056465771845,0.1205788147106717,-20.630479785679494
2018-06-30,2018-08-01,IDXX,108691000,1.25,87004000,580752000,166658000,-41127000,1040130000,865571000,174559000,91179000,118830000,-0.47270240448715,-2.6428137233447613,0.07147502605733601,0.13994123430222158,-25.29068495149172
2018-09-30,2018-11-01,IDXX,93251000,1.07,86756000,545448000,138370000,-1604000,1016916000,870039000,146877000,78993000,110708000,-0.01848863479182996,-58.13653366583541,0.06037500080930769,0.11565655798829387,-633.9875311720698
2018-12-31,2019-02-15,IDXX,85638000,0.99,86379000,549386000,136209000,-9513000,1000285000,876491000,123794000,95804000,135648000,-0.11013093460216025,-9.002207505518763,0.055704983058498754,0.10672505948379388,-105.1492694207926
2019-03-31,2019-05-01,IDXX,102681000,1.19,86204000,576056000,155033000,51562000,1129219000,1012603000,116616000,-3828000,34378000,0.5981392974803953,1.991408401536015,0.06108444658077965,0.10300190888054904,21.90021721422753
2019-06-30,2019-08-01,IDXX,125706000,1.46,86215000,620103000,186529000,171246000,1036414000,925569000,110845000,103321000,137102000,1.9862668909122543,0.7340667811218948,0.07290529086198708,0.12061462047485133,6.052193919857982
2019-09-30,2019-10-31,IDXX,108837000,1.26,86198000,605303000,162934000,202418000,1007277000,903281000,103996000,94939000,132265000,2.348291143646024,0.5376843956565127,0.0621399832484623,0.103688970484524,4.976222470333666
2019-12-31,2020-02-14,IDXX,90496000,1.05,85848000,605446000,139188000,177473000,1070428000,980102000,90326000,109502000,155413000,2.067293355698444,0.5099141841294169,0.04938457550580499,0.0835480797801561,6.031497748953362
2020-03-31,2020-04-30,IDXX,111827000,1.31,85427000,626336000,168369000,107674000,1265023000,1183628000,81395000,-21799000,27871000,1.260421178315989,1.038570128350391,0.05928551169121721,0.09149423496658438,11.748639411557107
2020-06-30,2020-07-31,IDXX,148940000,1.75,85134000,637592000,217599000,272963000,1106228000,1000935000,105293000,183586000,208142000,3.2062748138229145,0.545641717009265,0.07596216274385899,0.12300209641631969,4.052666478606991
2020-09-30,2020-10-29,IDXX,146219000,1.71,85314000,721789000,197415000,440576000,990552000,814965000,175587000,173906000,193116000,5.164170007267272,0.33188144610691456,0.07141667484774644,0.12230487256077598,2.2483113015688554
2020-12-31,2021-02-12,IDXX,174790000,2.04,85490000,720938000,210525000,632088000,1003252000,619324000,383928000,204744000,218934000,7.393706866300152,0.27652795180417916,0.07617579136052605,0.14597644683932554,1.5872030476769057
2021-03-31,2021-05-04,IDXX,204257000,2.39,85530000,777707000,273431000,702696000,999818000,648655000,351163000,104259000,124422000,8.215783935461241,0.29067619568063574,0.08776244583513257,0.155949203784079,1.422831494700411
2021-06-30,2021-07-30,IDXX,202582000,2.37,85325000,826142000,285421000,747460000,1012626000,780492000,232134000,211374000,233955000,8.760152358628773,0.27102721215851017,0.08398403249550504,0.13660987535171795,1.3547561073502261
2021-09-30,2021-11-02,IDXX,175235000,2.06,85123000,810421000,253251000,754754000,963173000,817970000,145203000,142188000,187205000,8.866628290826217,0.23217498681689663,0.0734508815698583,0.11501432323158178,1.2761416302530362
2021-12-31,2022-02-16,IDXX,162771000,1.92,84828000,801090000,227755000,689992000,1031009000,886555000,144454000,178176000,209964000,8.13401235441128,0.23590273510417512,0.06678598376909925,0.10726835838401509,1.4942332664726548
2022-03-31,2022-05-04,IDXX,193965000,2.3,84410000,836549000,275698000,639798000,1283576000,1078958000,204618000,72868000,114706000,7.579646961260514,0.3031659992685191,0.07481228948014976,0.11612129391974339,2.006220713412671
2022-06-30,2022-08-02,IDXX,131979000,1.57,83922000,860546000,208222000,457008000,1496774000,1382412000,114362000,35764000,65850000,5.445628083220133,0.28878925533032246,0.050621263930254276,0.075238392952001,3.2751592969926127
2022-09-30,2022-11-01,IDXX,180938000,2.17,83247000,841661000,274428000,475999000,1506094000,1406918000,99176000,151315000,189000000,5.7179117565798165,0.380122647316486,0.06853538186720261,0.10060743015529174,3.164069672415278
2022-12-31,2023-02-16,IDXX,172207000,2.08,82934000,828568000,256182000,608737000,1470033000,1357487000,112546000,134199000,173428000,7.340017363204476,0.2828922835313116,0.0626944787777622,0.09314731316325606,2.414890174246021
2023-03-31,2023-05-02,IDXX,214054000,2.58,82992000,900195000,309146000,841101000,1320229000,1208862000,111367000,144401000,183912000,10.134723828802777,0.25449262335914474,0.07621925382371017,0.10953898811592104,1.569643835877023
2023-06-30,2023-08-01,IDXX,224236000,2.7,83086000,943630000,325409000,1093861000,1152865000,1020027000,132838000,172844000,200314000,13.165406927761596,0.2049949673678831,0.07810907459438221,0.10998852480539321,1.0539410400407365
2023-09-30,2023-11-01,IDXX,212231000,2.55,83097000,915527000,305823000,1297407000,1140165000,808469000,331696000,238339000,272433000,15.613162930069677,0.16358089635711848,0.06876319496734712,0.10403338256785212,0.8788028737319901
2023-12-31,2024-02-22,IDXX,194521000,2.34,83088000,901601000,278670000,1484530000,1067353000,613421000,453932000,217295000,249851000,17.866960331215097,0.13103204381184616,0.05967039118998137,0.09630383330601477,0.7189837861141236
2024-03-31,2024-05-01,IDXX,235579000,2.84,83096000,964095000,334551000,1568906000,1068942000,671509000,397433000,168312000,198585000,18.880644074323673,0.1501549487349784,0.07024838117616888,0.10796493898245166,0.6813295379073061
2024-06-30,2024-08-06,IDXX,203298000,2.46,82630000,1003578000,300727000,1580253000,1067875000,666285000,401590000,215007000,248312000,19.12444632699988,0.12864902012525842,0.05953321168877148,0.09332306383261457,0.6757620456977459
2024-09-30,2024-10-31,IDXX,232841000,2.83,82304000,975543000,341999000,1618054000,998280000,689644000,308636000,191990000,220079000,19.659481920684293,0.14390187224901024,0.06948888701866976,0.1034956603458978,0.6169633399132538
2024-12-31,2025-02-21,IDXX,216149000,2.63,81846000,954288000,298563000,1595313000,986948000,698682000,288266000,222770000,262025000,19.49164284143391,0.13549002609519262,0.06563010199356722,0.09733661040162264,0.6186547718222066
2025-03-31,2025-05-01,IDXX,242677000,2.98,81319000,998427000,351813000,1448013000,1059359000,895389000,163970000,207936000,237962000,17.806576568821555,0.167593108625406,0.07551352977839486,0.10611774747953143,0.7315949511503005
2025-06-30,2025-08-04,IDXX,293989000,3.66,80413000,1109457000,409445000,1458827000,1237271000,1072677000,164594000,151641000,185743000,18.141681071468543,0.20152423830927177,0.08826393946908755,0.11976047753095928,0.8481272967939311
