date,filingDate,symbol,netIncome,eps,weightedAverageShsOut,revenue,ebitda,totalStockholdersEquity,totalDebt,netDebt,cashAndCashEquivalents,freeCashFlow,operatingCashFlow,bookValuePerShare,ROE,ROA,ROIC,debtToEquity
2015-09-26,2015-10-28,INTC,3109000000,0.65,4747000000,14465000000,6481000000,57097000000,21188000000,14123000000,7065000000,4529000000,5735000000,12.02801769538656,0.05445119708566124,0.031546797629677735,0.044844110568201256,0.3710877979578612
2015-12-26,2016-02-12,INTC,3613000000,0.77,4722000000,14914000000,6432000000,61085000000,22670000000,7362000000,15308000000,2979000000,5427000000,12.936255823803473,0.05914709012032414,0.03505554747004318,0.05433102241906213,0.37112220676107066
2016-04-02,2016-05-02,INTC,2046000000,0.43,4722000000,13702000000,4809000000,61174000000,25369000000,22308000000,3061000000,2709000000,4055000000,12.955103769589158,0.03344558145617419,0.019399432997999375,0.02654086162916935,0.41470232451695166
2016-07-02,2016-08-01,INTC,1330000000,0.28,4729000000,13533000000,4810000000,61367000000,28613000000,24728000000,3885000000,1559000000,3845000000,12.976739268344259,0.02167288607883716,0.012109513707423223,0.017177863333672973,0.46626036795020126
2016-10-01,2016-10-31,INTC,3378000000,0.71,4734000000,15778000000,6762000000,63115000000,27616000000,22864000000,4752000000,3295000000,5758000000,13.332277144064216,0.053521349916818506,0.030102390903339066,0.0439836497015943,0.4375505030499881
2016-12-31,2017-02-17,INTC,3562000000,0.75,4735000000,16374000000,6556000000,66226000000,25283000000,19723000000,5560000000,4620000000,8150000000,13.98648363252376,0.05378552230241899,0.03143116821234128,0.04317931469730793,0.3817684897170296
2017-04-01,2017-04-27,INTC,2964000000,0.63,4723000000,14796000000,5658000000,66844000000,25751000000,20817000000,4934000000,1831000000,3898000000,14.152868939233539,0.04434205014661002,0.025629496402877698,0.0328991898867888,0.38524026090599006
2017-07-01,2017-07-27,INTC,2808000000,0.6,4710000000,14763000000,5935000000,68625000000,31985000000,20298000000,11687000000,2044000000,4707000000,14.570063694267516,0.040918032786885244,0.022996224622667004,0.02726113302838933,0.4660837887067395
2017-09-30,2017-10-26,INTC,4516000000,0.96,4688000000,16149000000,7227000000,70936000000,31640000000,22565000000,9075000000,3285000000,6264000000,15.131399317406144,0.06366302018721101,0.03553443283394184,0.042125153885955495,0.4460358633134093
2017-12-30,2018-02-16,INTC,-687000000,-0.15,4683000000,17053000000,8328000000,69019000000,26813000000,23380000000,3433000000,3172000000,7241000000,14.738202007260304,-0.009953780842956287,-0.005574081736971497,-0.007623642046001052,0.38848722815456616
2018-03-31,2018-04-27,INTC,4454000000,0.95,4674000000,16066000000,6666000000,70165000000,28612000000,25058000000,3554000000,3374000000,6284000000,15.011767222935386,0.06347894249269578,0.03463560297365392,0.04172453191743484,0.4077816575215563
2018-06-30,2018-07-27,INTC,5006000000,1.08,4649000000,16962000000,7395000000,70047000000,28142000000,25528000000,2614000000,2883000000,7413000000,15.06711120671112,0.07146630119776722,0.03973898961674023,0.049952556531757245,0.40175881907861866
2018-09-29,2018-10-26,INTC,6398000000,1.4,4574000000,19163000000,9551000000,71483000000,27874000000,24467000000,3407000000,4984000000,8835000000,15.628115435067775,0.08950379810584334,0.04989005162115376,0.0679409766795778,0.3899388665836632
2018-12-29,2019-02-01,INTC,5195000000,1.14,4549000000,18657000000,8717000000,74563000000,26359000000,23340000000,3019000000,3010000000,6900000000,16.391074961530006,0.06967262583318805,0.04059767276478357,0.058609122019901976,0.35351313654225286
2019-03-30,2019-04-26,INTC,3974000000,0.88,4492000000,16061000000,6799000000,73661000000,28487000000,25333000000,3154000000,1638000000,4959000000,16.39826357969724,0.05394985134603114,0.030697214540623213,0.036850762657378314,0.3867311060126797
2019-06-29,2019-07-26,INTC,4179000000,0.94,4466000000,16505000000,7355000000,74947000000,28815000000,25948000000,2867000000,4033000000,7587000000,16.78168383340797,0.05575940331167358,0.03195955918904244,0.0420944213136627,0.3844716933299532
2019-09-28,2019-10-25,INTC,5990000000,1.36,4391000000,19190000000,9230000000,74242000000,28907000000,24972000000,3935000000,6039000000,10711000000,16.90776588476429,0.08068209369359662,0.04477902039351713,0.058864955676186936,0.3893618167614019
2019-12-28,2020-01-24,INTC,6905000000,1.6,4319000000,20209000000,9870000000,77504000000,29001000000,24807000000,4194000000,5222000000,9888000000,17.94489465153971,0.08909217588769612,0.05057718789370367,0.05773649541156428,0.3741871387283237
2020-03-28,2020-04-24,INTC,5661000000,1.33,4266000000,19828000000,10250000000,76354000000,39919000000,28539000000,11380000000,2890000000,6158000000,17.898265353961555,0.07414149880818294,0.03832509647281836,0.05875095819201776,0.522814783770333
2020-06-27,2020-07-24,INTC,5105000000,1.2,4246000000,19728000000,8769000000,82010000000,38347000000,29611000000,8736000000,7749000000,11157000000,19.31464908148846,0.062248506279721984,0.03346685110037433,0.0439704470825337,0.4675893183758078
2020-09-26,2020-10-23,INTC,4276000000,1.02,4188000000,18333000000,8157000000,74554000000,36563000000,33207000000,3356000000,4463000000,8179000000,17.8018147086915,0.05735440083697722,0.02943666916791155,0.03962530311734605,0.4904230490651072
2020-12-26,2021-01-22,INTC,5857000000,1.43,4094000000,19978000000,10639000000,81038000000,36401000000,30536000000,5865000000,5829000000,9890000000,19.794333170493406,0.07227473530936104,0.03825829082049239,0.053531856478219425,0.4491843332757472
2021-03-27,2021-04-23,INTC,3361000000,0.83,4056000000,19673000000,6998000000,79807000000,35884000000,30692000000,5192000000,1160000000,5548000000,19.67628205128205,0.042114100266893884,0.022314137377009997,0.031896121261986196,0.44963474381946444
2021-06-26,2021-07-23,INTC,5061000000,1.25,4049000000,19631000000,8749000000,85207000000,35409000000,30663000000,4746000000,4878000000,8746000000,21.043961471968387,0.05939652845423498,0.03273672839705816,0.04465902522882288,0.4155644489302522
2021-09-25,2021-10-22,INTC,6823000000,1.68,4061000000,19192000000,9961000000,90087000000,40304000000,32434000000,7870000000,5459000000,9900000000,22.183452351637527,0.07573789780989489,0.04062228361176933,0.056857723099415745,0.44738974546826954
2021-12-25,2022-01-27,INTC,4623000000,1.14,4069000000,20528000000,8402000000,95391000000,38101000000,33274000000,4827000000,-1835000000,5797000000,23.44335217498157,0.04846369154322735,0.027451515979240646,0.03685748860731051,0.39941923242234595
2022-04-02,2022-04-29,INTC,8113000000,1.99,4079000000,18353000000,13133000000,103136000000,37247000000,31032000000,6215000000,1094000000,5891000000,25.284628585437606,0.07866312441824387,0.046003538297534535,0.061245090106083935,0.36114450822215327
2022-07-02,2022-07-29,INTC,-454000000,-0.11,4100000000,15321000000,2348000000,101218000000,35430000000,31040000000,4390000000,-6446000000,809000000,24.687317073170732,-0.0044853682151396,-0.0026640378363787863,-0.003021064555607975,0.35003655476298684
2022-10-01,2022-10-28,INTC,1019000000,0.25,4118000000,15338000000,3178000000,99885000000,39523000000,34994000000,4529000000,-6269000000,1030000000,24.255706653715396,0.01020173199179056,0.005828152435641526,0.002973744946810483,0.3956850377934625
2022-12-31,2023-01-27,INTC,-664000000,-0.16,4133000000,14042000000,2640000000,101423000000,42051000000,30907000000,11144000000,2004000000,7703000000,24.539801596902976,-0.00654683848831133,-0.0036462880897074734,-0.004060077839511166,0.4146100983011743
2023-04-01,2023-04-28,INTC,-2758000000,-0.66,4154000000,11715000000,1401000000,98059000000,50273000000,42041000000,8232000000,-9198000000,-1785000000,23.605922002888782,-0.028125924188498762,-0.01488373097035666,-0.016464430168926954,0.5126811409457571
2023-07-01,2023-07-28,INTC,1481000000,0.35,4182000000,12949000000,1674000000,101017000000,49046000000,40697000000,8349000000,-3080000000,2808000000,24.155188904830226,0.01466089866062148,0.007978279255935226,0.0076682510507907805,0.48552223883108786
2023-09-30,2023-10-27,INTC,297000000,0.07,4202000000,14158000000,2599000000,101813000000,48879000000,41258000000,7621000000,71000000,5824000000,24.229652546406474,0.0029171127459165333,0.0015727849944661269,-0.006333595530567664,0.4800860400931119
2023-12-30,2024-01-26,INTC,2669000000,0.63,4222000000,15406000000,5568000000,105590000000,49278000000,42199000000,7079000000,-2072000000,4624000000,25.00947418285173,0.025277014868832277,0.013932098636543962,0.01972231864589841,0.46669192158348327
2024-03-31,2024-04-25,INTC,-381000000,-0.0898,4242000000,12724000000,2090000000,105973000000,52450000000,45527000000,6923000000,-7193000000,-1223000000,24.98184818481848,-0.0035952553952421844,-0.0019768280470910536,-0.0018494425242246062,0.4949373897124739
2024-06-29,2024-08-02,INTC,-1610000000,-0.38,4267000000,12833000000,859000000,115229000000,53029000000,41742000000,11287000000,-3390000000,2292000000,27.004687133817672,-0.013972177142906734,-0.007807764118231857,-0.008991134065459361,0.46020533025540444
2024-09-28,2024-11-01,INTC,-16639000000,-3.88,4292000000,13284000000,-5226000000,99532000000,50236000000,41451000000,8785000000,-2404000000,4054000000,23.190121155638398,-0.16717236667604388,-0.08597100370978909,-0.11721476828004278,0.5047220994253104
2024-12-28,2025-01-31,INTC,-126000000,-0.0292,4319000000,14260000000,3480000000,99270000000,50011000000,41762000000,8249000000,-2669000000,3165000000,22.984487149803194,-0.001269265639165911,-0.0006412703259790824,-0.0012424275109753804,0.5037876498438602
2025-03-29,2025-04-25,INTC,-821000000,-0.19,4343000000,12667000000,2387000000,99756000000,50151000000,41204000000,8947000000,-4370000000,813000000,22.96937600736818,-0.008230081398612615,-0.004270658857065574,-0.003081853637465957,0.5027366774930832
2025-06-28,2025-07-24,INTC,-2918000000,-0.67,4369000000,12859000000,471000000,97883000000,50757000000,41114000000,9643000000,-1500000000,2050000000,22.403982604715036,-0.029811101008346698,-0.015156866819031788,-0.019972339987758297,0.5185476538316153
