date,filingDate,symbol,netIncome,eps,weightedAverageShsOut,revenue,ebitda,totalStockholdersEquity,totalDebt,netDebt,cashAndCashEquivalents,freeCashFlow,operatingCashFlow,bookValuePerShare,ROE,ROA,ROIC,debtToEquity
2015-10-31,2015-11-20,INTU,-31000000,-0.11,272000000,713000000,20000000,1051000000,850000000,376000000,474000000,-267000000,-197000000,3.863970588235294,-0.029495718363463368,-0.008087659796504044,-0.015749824807288017,0.8087535680304472
2016-01-31,2016-02-25,INTU,24000000,0.09,263000000,923000000,94000000,641000000,1245000000,911000000,334000000,-18000000,306000000,2.4372623574144487,0.0374414976599064,0.005518510002299379,0.028028350515463922,1.9422776911076443
2016-04-30,2016-05-24,INTU,1026000000,4.0,257000000,2304000000,1349000000,1248000000,1000000000,-289000000,1289000000,1547000000,1602000000,4.856031128404669,0.8221153846153846,0.2076923076923077,0.8897940052733736,0.8012820512820513
2016-07-31,2016-09-01,INTU,-40000000,-0.16,252024068,754000000,10000000,1161000000,1000000000,362000000,638000000,-383000000,-310000000,4.6067028804566394,-0.034453057708871665,-0.009411764705882352,-0.022451443458369514,0.8613264427217916
2016-10-31,2016-11-18,INTU,-30000000,-0.12,250000000,778000000,-8000000,936000000,1100000000,740000000,360000000,-291000000,-205000000,3.744,-0.03205128205128205,-0.007627765064836003,-0.015662291169451073,1.1752136752136753
2017-01-31,2017-02-23,INTU,13000000,0.0506,257000000,1016000000,79000000,785000000,1150000000,758000000,392000000,246000000,292000000,3.054474708171206,0.016560509554140127,0.0029727875600274413,0.018535320803629293,1.464968152866242
2017-04-30,2017-05-23,INTU,964000000,3.76,256000000,2541000000,1509000000,1697000000,500000000,-850000000,1350000000,1756000000,1802000000,6.62890625,0.5680612846199175,0.19400281746830347,1.1420891951563503,0.2946375957572186
2017-07-31,2017-09-01,INTU,24000000,0.0934,257000000,842000000,55000000,1354000000,488000000,-41000000,529000000,-342000000,-290000000,5.2684824902723735,0.01772525849335303,0.0058997050147492625,0.012795125666412796,0.3604135893648449
2017-10-31,2017-11-20,INTU,-17000000,-0.0078,256000000,886000000,33000000,1203000000,875000000,346000000,529000000,-128000000,-78000000,4.69921875,-0.014131338320864505,-0.004183070866141733,-0.0059524460833123615,0.7273482959268496
2018-01-31,2018-02-22,INTU,-21000000,0.71,256000000,1165000000,261000000,1157000000,1103000000,625000000,478000000,225000000,252000000,4.51953125,-0.018150388936905792,-0.004287464271131074,-0.12342725500620236,0.9533275713050994
2018-04-30,2018-05-22,INTU,1200000000,4.62,257000000,2925000000,1672000000,2364000000,450000000,-1164000000,1614000000,1955000000,1975000000,9.198443579766536,0.5076142131979695,0.20736132711249353,0.9914160948222085,0.19035532994923857
2018-07-31,2018-08-31,INTU,49000000,0.19,258000000,988000000,-68000000,2354000000,438000000,-1026000000,1464000000,-64000000,-37000000,9.124031007751938,0.020815632965165677,0.009463113171108536,0.034903126017583844,0.1860662701784197
2018-10-31,2018-11-20,INTU,34000000,0.13,260000000,1016000000,47000000,2782000000,425000000,-659000000,1084000000,-178000000,-143000000,10.7,0.012221423436376708,0.006899350649350649,0.011439337864208329,0.15276779295470885
2019-01-31,2019-02-22,INTU,189000000,0.73,260000000,1502000000,294000000,2796000000,413000000,-662000000,1075000000,296000000,341000000,10.753846153846155,0.06759656652360516,0.03542642924086223,0.09007358072942631,0.14771101573676682
2019-04-30,2019-05-23,INTU,1378000000,5.3,260000000,3272000000,1855000000,4070000000,448000000,-2498000000,2946000000,2199000000,2248000000,15.653846153846153,0.3385749385749386,0.19921931473182014,0.8785415613526077,0.11007371007371007
2019-07-31,2019-08-30,INTU,-44000000,-0.17,254902528,994000000,-75000000,3749000000,436000000,-1680000000,2116000000,-148000000,-122000000,14.707582656849915,-0.01173646305681515,-0.007003024033105204,-0.020800626558900418,0.1162976793811683
2019-10-31,2019-11-21,INTU,57000000,0.22,261000000,1165000000,81000000,3633000000,775000000,-855000000,1630000000,-165000000,-127000000,13.919540229885058,0.01568951279933939,0.009218825812712276,0.022383663852346358,0.21332232314891275
2020-01-31,2020-02-24,INTU,240000000,0.92,261000000,1696000000,342000000,3727000000,754000000,-887000000,1641000000,287000000,317000000,14.279693486590038,0.06439495572846794,0.0358155499179227,0.08540605334132455,0.20230748591360342
2020-04-30,2020-05-21,INTU,1084000000,4.15,261000000,3002000000,1464000000,4740000000,663000000,-2708000000,3371000000,1898000000,1937000000,18.160919540229884,0.22869198312236286,0.1396187532199897,0.5353589723514673,0.13987341772151898
2020-07-31,2020-08-31,INTU,445000000,1.7,262000000,1816000000,548000000,5106000000,3636000000,-2806000000,6442000000,257000000,287000000,19.48854961832061,0.08715236976106541,0.040709907602232184,0.1982555018786903,0.7121034077555817
2020-10-31,2020-11-19,INTU,198000000,0.75,263000000,1323000000,264000000,5245000000,2634000000,-2540000000,5174000000,7000000,45000000,19.94296577946768,0.03775023832221163,0.020397651179561143,0.07598626881436493,0.5021925643469971
2021-01-31,2021-02-23,INTU,20000000,0.0741,270000000,1576000000,120000000,8868000000,2821000000,869000000,1952000000,246000000,279000000,32.84444444444444,0.0022552999548940008,0.0013700506918755994,0.002707572801030745,0.31811005863779884
2021-04-30,2021-05-25,INTU,1464000000,5.36,273000000,4173000000,2041000000,9955000000,2472000000,-692000000,3164000000,2354000000,2384000000,36.46520146520147,0.14706177800100453,0.09290519101408808,0.15862406579933275,0.24831742842792567
2021-07-31,2021-09-08,INTU,380000000,1.39,273000000,2561000000,523000000,9869000000,2480000000,-82000000,2562000000,518000000,542000000,36.15018315018315,0.038504407741412505,0.024490848156741428,0.03950143008868046,0.25129192420711316
2021-10-31,2021-11-18,INTU,228000000,0.84,273000000,2007000000,359000000,9733000000,2507000000,-357000000,2864000000,103000000,145000000,35.65201465201465,0.023425459776019727,0.015332885003362474,0.025032623971090143,0.2575773142915853
2022-01-31,2022-03-02,INTU,100000000,0.35,283000000,2673000000,266000000,15595000000,7237000000,5980000000,1257000000,20000000,85000000,55.10600706713781,0.006412311638345623,0.003801847697981219,0.007879490150637311,0.4640589932670728
2022-04-30,2022-05-24,INTU,1794000000,6.36,282000000,5632000000,2603000000,16961000000,7345000000,3814000000,3531000000,3259000000,3320000000,60.145390070921984,0.10577206532633689,0.06291646208879849,0.08715437358611698,0.4330522964447851
2022-07-31,2022-09-02,INTU,-56000000,-0.2,278028775,2414000000,141000000,16441000000,7540000000,4744000000,2796000000,278000000,339000000,59.13416695807835,-0.0034061188492184175,-0.0020191822311963654,-0.0017889539721024264,0.45860957362690835
2022-10-31,2022-11-29,INTU,40000000,0.14,281000000,2597000000,290000000,16067000000,7601000000,5476000000,2125000000,251000000,328000000,57.1779359430605,0.0024895749050849567,0.0014768321949418497,0.004699902520540315,0.4730814713387689
2023-01-31,2023-02-23,INTU,168000000,0.6,281000000,3041000000,502000000,15842000000,7677000000,6130000000,1547000000,229000000,284000000,56.37722419928826,0.010604721626057316,0.006176016469377252,0.00982590282368948,0.484597904305012
2023-04-30,2023-05-23,INTU,2087000000,7.43,281000000,6018000000,2993000000,17592000000,7196000000,3451000000,3745000000,3504000000,3592000000,62.604982206405694,0.11863346975898136,0.07216209674630891,0.10157207273461479,0.40904956798544795
2023-07-31,2023-09-01,INTU,89000000,0.32,280000000,2712000000,258000000,17269000000,6689000000,3841000000,2848000000,802000000,842000000,61.675,0.005153743702588453,0.0032037437005039597,-0.05312174324964472,0.38734147895072096
2023-10-31,2023-11-28,INTU,241000000,0.86,280000000,2978000000,520000000,16992000000,6437000000,4703000000,1734000000,-181000000,-97000000,60.68571428571428,0.014183145009416196,0.008459702330805953,0.013843610104269242,0.378825329566855
2024-01-31,2024-02-22,INTU,353000000,1.26,280000000,3386000000,603000000,16908000000,6504000000,5030000000,1474000000,550000000,613000000,60.385714285714286,0.02087769103383014,0.011890326057666397,0.01868169309193397,0.3846699787083038
2024-04-30,2024-05-23,INTU,2389000000,8.53,280000000,6737000000,3330000000,18757000000,6498000000,2283000000,4215000000,3890000000,3951000000,66.98928571428571,0.12736578344084876,0.07569708491761724,0.11576331541112167,0.34643066588473637
2024-07-31,2024-09-04,INTU,-20000000,-0.0714,280000000,3184000000,128000000,18436000000,6567000000,2958000000,3609000000,375000000,417000000,65.84285714285714,-0.0010848340203948796,-0.0006224324660774306,-0.0005341951682047038,0.3562052505966587
2024-10-31,2024-11-21,INTU,197000000,0.7,280000000,3283000000,474000000,18136000000,6781000000,3909000000,2872000000,329000000,362000000,64.77142857142857,0.010862373180414645,0.005934986292290543,0.011537433567915393,0.3738972209969122
2025-01-31,2025-02-25,INTU,471000000,1.68,280000000,3963000000,830000000,17949000000,6892000000,4457000000,2435000000,1038000000,1069000000,64.10357142857143,0.026241016212602372,0.01486648570166025,0.023230032986223198,0.3839768232213494
2025-04-30,2025-05-22,INTU,2820000000,10.09,280000000,7754000000,3953000000,20125000000,7087000000,1644000000,5443000000,4360000000,4395000000,71.875,0.14012422360248447,0.07706391932883339,0.13193312128549053,0.3521490683229814
2025-07-31,2025-09-03,INTU,381000000,1.36,279000000,3831000000,633000000,19710000000,6639000000,3755000000,2884000000,356000000,381000000,70.64516129032258,0.01933028919330289,0.010308999404729693,0.018854380259402736,0.33683409436834094
