date,filingDate,symbol,netIncome,eps,weightedAverageShsOut,revenue,ebitda,totalStockholdersEquity,totalDebt,netDebt,cashAndCashEquivalents,freeCashFlow,operatingCashFlow,bookValuePerShare,ROE,ROA,ROIC,debtToEquity
2015-09-30,2015-10-22,IPG,74900000,0.18,407600000,1865500000,198400000,1863800000,1751600000,877300000,874300000,250000000,280900000,4.572620215897939,0.0401867153128018,0.006527745095475898,0.03277413966823695,0.9398004077690739
2015-12-31,2016-02-22,IPG,260300000,0.65,403400000,2196200000,491800000,1965500000,1762300000,259400000,1502900000,849300000,929700000,4.872335151214675,0.13243449503943017,0.020683188850307108,0.13384009715697914,0.8966166369880437
2016-03-31,2016-04-22,IPG,5400000,0.0135,400600000,1742000000,47600000,1941500000,1743600000,1070200000,673400000,-676100000,-649100000,4.846480279580629,0.002781354622714396,0.00046888024451236454,-0.0006375136965833249,0.8980685037342261
2016-06-30,2016-07-28,IPG,156900000,0.39,400100000,1917900000,270100000,1995600000,1819800000,1147200000,672600000,58500000,94500000,4.9877530617345665,0.07862297053517739,0.013486449084142033,0.05771847366921823,0.9119061936259771
2016-09-30,2016-10-27,IPG,128600000,0.32,397700000,1922200000,257700000,1941400000,1740800000,849200000,891600000,468300000,519800000,4.8815690218757855,0.0662408571134233,0.010861945183495925,0.052729600672719076,0.8966725043782837
2016-12-31,2017-02-21,IPG,317600000,0.81,393500000,2264500000,505600000,2017100000,1690300000,592700000,1097600000,462000000,548200000,5.126048284625159,0.15745377026424073,0.025438118732579375,0.13470623665861298,0.8379852263150067
2017-03-31,2017-04-21,IPG,21500000,0.06,391700000,1753900000,81700000,1963000000,1916800000,1141800000,775000000,-396600000,-371800000,5.011488383967322,0.010952623535404993,0.0018379367236854478,0.01449905522631624,0.9764645950076414
2017-06-30,2017-07-27,IPG,94700000,0.27,392300000,1884900000,256300000,1982500000,1822500000,1164900000,657600000,174600000,218700000,5.0535304613815955,0.04776796973518285,0.00810912640646675,0.04110168528574604,0.9192938209331651
2017-09-30,2017-10-26,IPG,146200000,0.44,389500000,1902600000,291400000,2013400000,2098700000,1393800000,704900000,-25700000,14100000,5.169191270860077,0.07261348961954903,0.012478555150604724,0.05951777326109848,1.0423661468163306
2017-12-31,2018-02-26,IPG,316600000,0.82,385100000,2341000000,554600000,2201000000,1372500000,581600000,790900000,973600000,1020800000,5.715398597766814,0.14384370740572466,0.024938559455542252,0.1251255727034612,0.6235801908223535
2018-03-31,2018-04-27,IPG,-14100000,-0.0368,383400000,2169100000,64400000,2108500000,2089700000,1492400000,597300000,-752700000,-729900000,5.499478351591027,-0.006687218401707375,-0.0011519513729462995,0.04837309191220713,0.9910837087977235
2018-06-30,2018-07-25,IPG,145800000,0.38,383600000,2391800000,281600000,2061700000,2040400000,1547200000,493200000,133500000,172200000,5.374608967674661,0.07071833923461221,0.011798407457758788,0.04603937193097679,0.9896687199883591
2018-09-30,2018-10-25,IPG,161000000,0.42,382600000,2297500000,295700000,2137900000,3344100000,1483900000,1860200000,186800000,231000000,5.587820177731312,0.07530754478694046,0.011914364579556134,0.050672105100875456,1.5641985125590532
2018-12-31,2019-02-25,IPG,326200000,0.85,383400000,2856000000,522200000,2393200000,3734000000,3060600000,673400000,820400000,891800000,6.242044861763172,0.13630285809794418,0.020883081630954592,0.07031656338415437,1.5602540531505933
2019-03-31,2019-04-26,IPG,-8000000,-0.0208,384500000,2361200000,122200000,2315300000,5422800000,4792300000,630500000,-126300000,-93500000,6.021586475942783,-0.0034552757741977283,-0.0004984423676012461,-0.05087944865084828,2.34215868353993
2019-06-30,2019-07-25,IPG,169500000,0.44,386200000,2520200000,341100000,2423900000,5495400000,4881400000,614000000,245200000,292500000,6.276281719316416,0.06992862741862288,0.010256006873642365,0.02930865246400087,2.2671727381492635
2019-09-30,2019-10-25,IPG,165600000,0.43,386700000,2438100000,351400000,2469000000,5311200000,4790700000,520500000,170900000,224600000,6.384794414274632,0.06707168894289185,0.010351552732909936,0.02810071357250346,2.151154313487242
2019-12-31,2020-02-21,IPG,328900000,0.85,386900000,2901800000,541400000,2775900000,5023100000,3830900000,1192200000,1040900000,1105600000,7.174722150426467,0.1184840952483879,0.0185275942293501,0.057563570406966205,1.8095392485320076
2020-03-31,2020-04-23,IPG,4700000,0.01,387700000,2359800000,137600000,2532500000,5867600000,4313600000,1554000000,-321700000,-277100000,6.532112458086149,0.0018558736426456072,0.0002860812348970412,0.0012429106950075089,2.316920039486673
2020-06-30,2020-07-31,IPG,-45600000,-0.12,380000000,2025700000,98000000,2450400000,5572800000,4487400000,1085400000,-114400000,-87100000,6.448421052631579,-0.01860920666013712,-0.003061039545140264,0.006327654299633891,2.274240940254652
2020-09-30,2020-10-23,IPG,279700000,0.72,389600000,2125500000,314400000,2722600000,5699100000,4071100000,1628000000,649200000,689300000,6.988193018480493,0.10273268199515169,0.017400013686103007,0.05188077323669136,2.0932564460442222
2020-12-31,2021-02-22,IPG,112300000,0.29,390500000,2550000000,294100000,2895000000,5175800000,2666800000,2509000000,1466600000,1522100000,7.4135723431498075,0.038791018998272885,0.006224123883897642,0.026478656037444297,1.7878411053540588
2021-03-31,2021-04-28,IPG,91700000,0.23,391500000,2257000000,235200000,2874000000,5135800000,3120500000,2015300000,-278100000,-249800000,7.340996168582375,0.031906750173973555,0.005608665602426956,0.02202018516973893,1.7869867780097426
2021-06-30,2021-07-26,IPG,263300000,0.67,393300000,2509600000,466800000,3062900000,5115100000,2774500000,2340600000,434400000,468200000,7.787693872362064,0.08596428221620034,0.01520058654750977,0.05131900445787903,1.6700186098142284
2021-09-30,2021-10-26,IPG,239900000,0.61,393500000,2542000000,430600000,3171400000,5259000000,2769000000,2490000000,328900000,390200000,8.059466327827192,0.07564482562905972,0.013473516312558621,0.0466870695658559,1.6582581825061486
2021-12-31,2022-02-22,IPG,357900000,0.91,393700000,2932100000,546400000,3526000000,4798600000,1528600000,3270000000,1395100000,1467000000,8.956057912115824,0.10150311968235962,0.01797661382677355,0.07880795184658859,1.36091888825865
2022-03-31,2022-04-28,IPG,159400000,0.4,394500000,2568500000,317100000,3487000000,4767000000,2364700000,2402300000,-664300000,-633600000,8.839036755386566,0.04571264697447663,0.008914540095856472,0.032637270529928215,1.367077717235446
2022-06-30,2022-07-27,IPG,229600000,0.58,393100000,2735700000,422900000,3436700000,4676100000,2692700000,1983400000,-132400000,-90800000,8.74255914525566,0.06680827538045218,0.01331076223824873,0.04264833174985729,1.3606366572584165
2022-09-30,2022-10-26,IPG,251800000,0.64,390600000,2637700000,441000000,3404600000,4606300000,2838000000,1768300000,19400000,65600000,8.716333845366103,0.07395876167538037,0.014921304636389495,0.04620265242804593,1.35296363743171
2022-12-31,2023-02-21,IPG,297200000,0.77,387900000,2985900000,534300000,3647900000,4531600000,1986300000,2545300000,1208000000,1267600000,9.40422789378706,0.08147153156610652,0.01577076147519236,0.06045391422164433,1.2422489651580362
2023-03-31,2023-04-27,IPG,126000000,0.33,385800000,2521000000,282200000,3559300000,4476300000,2798200000,1678100000,-580500000,-547600000,9.225764644893728,0.03540021914421375,0.007561164419320575,0.027020111906532935,1.2576349282162222
2023-06-30,2023-07-26,IPG,265500000,0.69,385700000,2666500000,400900000,3686300000,4756300000,3128200000,1628100000,-81600000,-35200000,9.557428052890847,0.07202343813580013,0.015517241379310345,0.04720945682550663,1.2902639503024713
2023-09-30,2023-10-25,IPG,243700000,0.64,383600000,2678500000,464200000,3680200000,4692900000,3118000000,1574900000,194900000,242700000,9.593847758081335,0.06621922721591218,0.014312310231216928,0.04268004896837357,1.27517526221401
2023-12-31,2024-02-20,IPG,463200000,1.21,381400000,3023300000,750600000,3942600000,4671200000,2285100000,2390000000,842600000,894800000,10.337178814892502,0.11748592299497794,0.024040732225065267,0.08283247347998458,1.1848019073707705
2024-03-31,2024-04-24,IPG,110400000,0.29,378400000,2495900000,288600000,3824100000,4619800000,2688600000,1930000000,-192500000,-157400000,10.105972515856237,0.02886953793049345,0.006386634347828602,0.02421387906233046,1.2080751026385292
2024-06-30,2024-07-24,IPG,214500000,0.57,376300000,2710000000,418600000,3835600000,4331600000,2786100000,1545500000,85900000,120700000,10.192931171937284,0.05592345395765982,0.012608895002292526,0.03972452730250908,1.1293148399207424
2024-09-30,2024-10-23,IPG,20100000,0.0538,373900000,2628800000,229700000,3725800000,4282500000,2750500000,1532000000,186500000,223800000,9.964696442899172,0.005394814536475388,0.0011765945490306265,0.005610171036692481,1.1494175747490472
2024-12-31,2025-02-20,IPG,344500000,0.92,375200000,2857000000,601000000,3797400000,4254600000,2067500000,2187100000,833500000,868100000,10.121002132196162,0.0907199662927266,0.018798633620360366,0.067857849943261,1.120398167167009
2025-03-31,2025-04-24,IPG,-85400000,-0.23,372500000,2322600000,16700000,3584100000,4205800000,2336800000,1869000000,-58500000,-37000000,9.621744966442954,-0.023827460171312185,-0.00498671571632945,-0.0067535671548574995,1.1734605619262855
2025-06-30,2025-07-23,IPG,162500000,0.44,367900000,2536800000,329700000,3712400000,4184700000,2620300000,1564400000,-121800000,-96000000,10.09078553954879,0.04377222282081672,0.00954360989246554,0.031779783482935454,1.1272222820816722
