date,filingDate,symbol,netIncome,eps,weightedAverageShsOut,revenue,ebitda,totalStockholdersEquity,totalDebt,netDebt,cashAndCashEquivalents,freeCashFlow,operatingCashFlow,bookValuePerShare,ROE,ROA,ROIC,debtToEquity
2015-11-30,2016-01-06,JBL,131885000,0.69,190355000,5207977000,376165000,2382605000,2166759000,1036415000,1130344000,-106869000,145229000,12.516639962175935,0.05535327928884561,0.013324137050345103,0.02944733250855894,0.9094075602124565
2016-02-29,2016-04-05,JBL,78930000,0.41,190957000,4403594000,322987000,2466991000,2349514000,1466296000,883218000,-276763000,-72833000,12.919091732693747,0.031994441811907706,0.007967838721980071,0.00363803479606128,0.9523804505164388
2016-05-31,2016-06-30,JBL,5213000,0.03,191206000,4310752000,243156000,2492452000,2150913000,1263922000,886991000,203074000,415551000,13.035427758543142,0.0020915147011858204,0.0005050046610971166,0.01612770287364805,0.8629706810803177
2016-08-31,2016-10-20,JBL,38065000,0.2,189139000,4430763000,278026000,2438171000,2119822000,1207763000,912059000,172526000,428260000,12.890895056017003,0.01561211252205034,0.003610162743272237,0.029763401132654563,0.8694312252914173
2016-11-30,2017-01-09,JBL,88027000,0.48,185292000,5104898000,352283000,2373945000,2110910000,1363495000,747415000,-11926000,151940000,12.811913088530536,0.03708047153577695,0.008789666682243569,0.009152345450494802,0.8891992021719122
2017-02-28,2017-04-05,JBL,20665000,0.11,182632000,4445637000,273517000,2411308000,2102869000,1347771000,755098000,37455000,194263000,13.203096938105041,0.008570037506614668,0.0020005520032674875,0.05060933644542752,0.8720864360753583
2017-05-31,2017-06-30,JBL,-25281000,-0.14,180579000,4489557000,221465000,2327477000,2183575000,1439644000,743931000,24755000,186820000,12.888968263197825,-0.010861976294502588,-0.0022783896351791797,0.017611031168827066,0.9381725361840311
2017-08-31,2017-10-19,JBL,45679000,0.26,178697000,5023029000,307447000,2353514000,2078090000,888171000,1189919000,489874000,723620000,13.170416962791764,0.019408849915488073,0.003965340705139473,0.026369909258853484,0.8829732901525124
2017-11-30,2018-01-04,JBL,63795000,0.36,176936000,5585532000,338318000,2329739000,2120452000,1374194000,746258000,-272204000,-53587000,13.167128227155581,0.027382895680589114,0.005553061704660681,0.01457127484723266,0.910167190402015
2018-02-28,2018-04-05,JBL,37308000,0.21,174635000,5301101000,311747000,2282095000,2208636000,1267840000,940796000,25988000,351772000,13.067798551264065,0.01634813625199652,0.0033383711347401597,0.018145117087175748,0.9678107177834402
2018-05-31,2018-06-28,JBL,42541000,0.25,170514000,5436952000,308655000,2173141000,2448633000,1771141000,677492000,-378100000,-103334000,12.744648533258266,0.019575812153928347,0.0035316509930853825,-0.019479610537683024,1.1267713415742466
2018-08-31,2018-10-19,JBL,-57314000,-0.34,166151000,5771831000,337387000,1950257000,2518699000,1260750000,1257949000,521515000,738999000,11.737858935546582,-0.029387921694422836,-0.004485247180442964,0.04863543836792664,1.2914703036574153
2018-11-30,2019-01-09,JBL,123600000,0.77,161557000,6506275000,396375000,1891916000,2513105000,1708696000,804409000,-323206000,-91693000,11.710517031140713,0.06533059607297576,0.009906549816400214,0.02737277160408722,1.3283385731713246
2019-02-28,2019-04-04,JBL,67354000,0.44,154725000,6066990000,339660000,1847175000,2657573000,1908516000,749057000,-106169000,199458000,11.938439166262723,0.03646324793265392,0.0053418345014746476,0.01885267486075522,1.4387229147211282
2019-05-31,2019-06-28,JBL,43482000,0.28,152889000,6135602000,327004000,1854973000,2931672000,2237586000,694086000,-247195000,4891000,12.132808769761068,0.023440772453291774,0.0033523830083323856,0.01950430706568845,1.580439176203643
2019-08-31,2019-10-22,JBL,52675000,0.34,153327000,6573453000,348228000,1887443000,2496465000,1333122000,1163343000,864156000,1080410000,12.309919322754636,0.027908127556699726,0.003646599856295928,0.018173443171553512,1.322670406470553
2019-11-30,2020-01-03,JBL,40422000,0.26,153100000,7505698000,350410000,1835686000,2927516000,2207674000,719842000,-209449000,20944000,11.990111038536904,0.0220201058350938,0.003076331094262736,-0.0016521908461991704,1.5947803709348984
2020-02-29,2020-04-01,JBL,-3283000,-0.0216,152058000,6125083000,274748000,1746831000,3136112000,2439367000,696745000,-155150000,63222000,11.487925659945548,-0.0018794033309461533,-0.0002451669330669629,-0.04851030938105671,1.7953150590984475
2020-05-31,2020-06-29,JBL,-50958000,-0.34,149876000,6335642000,253991000,1632302000,2901553000,2138216000,763337000,286380000,486560000,10.891016573700925,-0.03121848775532959,-0.003539487393206918,0.024763143240642257,1.7775834373786223
2020-08-31,2020-10-22,JBL,67731000,0.45,150590000,7300015000,350047000,1811000000,3141000000,1747000000,1394000000,352459000,686549000,12.026030944949865,0.03739977912755384,0.004435711554776136,0.0628354190704417,1.7344008834897846
2020-11-30,2021-01-08,JBL,200442000,1.33,150157000,7833000000,566000000,1979371000,3172729000,2065156000,1107573000,-287421000,65460000,13.18200949672676,0.10126550303101339,0.013829153156343005,0.04315596225354771,1.6028975871627906
2021-02-28,2021-04-02,JBL,151654000,1.01,150300000,6828000000,484000000,2089161000,3146723000,2308624000,838099000,-287787000,20485000,13.89994011976048,0.07259086303066159,0.009634509451544366,0.04482623644283242,1.506213738433754
2021-05-31,2021-07-02,JBL,169480000,1.14,148100000,7215000000,484000000,2138011000,3343620000,2102891000,1240729000,368048000,584915000,14.43626603646185,0.07926993827440551,0.010176534165966134,0.04688410466601807,1.5638927956872064
2021-08-31,2021-10-22,JBL,175000000,1.2,145723000,7409279000,500842000,2136000000,3319000000,1752000000,1567000000,481160000,762140000,14.657946926703403,0.08192883895131087,0.009949965885831248,0.06843835598655086,1.5538389513108615
2021-11-30,2022-01-07,JBL,241000000,1.68,144100000,8567000000,619000000,2206000000,3393000000,2164000000,1229000000,-327000000,-46000000,15.3088133240805,0.10924750679963735,0.013826735513482501,0.056703838592193904,1.5380779691749773
2022-02-28,2022-04-01,JBL,222000000,1.52,143500000,7553000000,572000000,2337000000,3396000000,2303000000,1093000000,-177000000,246000000,16.285714285714285,0.09499358151476252,0.012217269275218755,0.05357386504589432,1.4531450577663672
2022-05-31,2022-07-01,JBL,218000000,1.55,140400000,8328000000,561000000,2356000000,3395000000,2325000000,1070000000,181000000,545000000,16.78062678062678,0.09252971137521222,0.011056448749809808,0.07608732594045561,1.4410016977928692
2022-08-31,2022-10-25,JBL,315000000,2.3,137000000,9030000000,555000000,2451000000,3411000000,1933000000,1478000000,589000000,906000000,17.89051094890511,0.12851897184822522,0.015361357651419097,0.05903269413861289,1.3916768665850674
2022-11-30,2023-01-06,JBL,223000000,1.65,134800000,9635000000,610000000,2529000000,3426000000,2209000000,1217000000,-148000000,166000000,18.76112759643917,0.0881771451166469,0.011396739408187254,0.052061838232806745,1.3546856465005932
2023-02-28,2023-04-05,JBL,207000000,1.55,133600000,8134000000,593000000,2673000000,3433000000,2233000000,1200000000,91000000,414000000,20.00748502994012,0.07744107744107744,0.010650339576044453,0.05540834352493545,1.2843247287691733
2023-05-31,2023-06-30,JBL,233000000,1.76,132300000,8475000000,595000000,2736000000,3686000000,2206000000,1480000000,245000000,468000000,20.68027210884354,0.0851608187134503,0.011995469522240527,0.03051614949631947,1.3472222222222223
2023-08-31,2023-10-20,JBL,155000000,1.18,131200000,8458000000,532000000,2866000000,3248000000,1444000000,1804000000,516000000,686000000,21.84451219512195,0.05408234473133287,0.007983929123313072,0.05401392111368909,1.1332868108862526
2023-11-30,2024-01-09,JBL,194000000,1.5,129600000,8387000000,488000000,2535000000,3241000000,1691000000,1550000000,160000000,448000000,19.560185185185187,0.07652859960552268,0.01132979034047772,0.22906422710099705,1.2785009861932939
2024-02-29,2024-04-05,JBL,927000000,7.4,125200000,6767000000,1259000000,2658000000,3252000000,686000000,2566000000,-48000000,218000000,21.230031948881788,0.34875846501128666,0.0531262536535045,0.04586963507819753,1.2234762979683973
2024-05-31,2024-07-09,JBL,129000000,1.08,119900000,6765000000,440000000,2276000000,3260000000,803000000,2457000000,409000000,515000000,18.982485404503752,0.056678383128295255,0.00743472998674428,0.05208302577578316,1.4323374340949033
2024-08-31,2024-10-28,JBL,138000000,1.2,115100000,6964000000,433000000,1737000000,3257000000,1056000000,2201000000,411000000,535000000,15.091225021720243,0.07944732297063903,0.0077654605818468295,0.04559188309932076,1.8750719631548647
2024-11-30,2025-01-10,JBL,100000000,0.89,112700000,6994000000,359000000,1593000000,3279000000,1221000000,2058000000,215000000,312000000,14.134871339840284,0.06277463904582549,0.005748447919061853,0.04993858348011496,2.0583804143126176
2025-02-28,2025-04-08,JBL,117000000,1.07,110000000,6728000000,412000000,1358000000,3293000000,1701000000,1592000000,218000000,334000000,12.345454545454546,0.0861561119293078,0.006294722117609081,0.0958460619314403,2.4248895434462443
2025-05-31,2025-06-30,JBL,222000000,2.05,110200000,7828000000,632000000,1285000000,3330000000,1807000000,1523000000,320000000,406000000,11.660617059891107,0.17276264591439688,0.011972172787574826,0.0,2.5914396887159534
