date,filingDate,symbol,netIncome,eps,weightedAverageShsOut,revenue,ebitda,totalStockholdersEquity,totalDebt,netDebt,cashAndCashEquivalents,freeCashFlow,operatingCashFlow,bookValuePerShare,ROE,ROA,ROIC,debtToEquity
2015-09-25,2015-11-13,JCI,349000000,0.54,679000000,8749000000,444000000,10376000000,6610000000,6013000000,597000000,422000000,737000000,15.281296023564066,0.033635312259059365,0.011792532522385537,0.0020517775507035824,0.637047031611411
2015-12-25,2016-01-29,JCI,450000000,0.69,679000000,8929000000,684000000,10506000000,7154000000,6740000000,414000000,-295000000,-13000000,15.472754050073638,0.04283266704740148,0.014507237499597021,0.020846464960861993,0.6809442223491339
2016-03-25,2016-04-29,JCI,-530000000,-0.82,679000000,9031000000,581000000,10007000000,7026000000,6668000000,358000000,373000000,634000000,14.737849779086892,-0.05296292595183372,-0.01697520978797002,0.01871226003160036,0.7021085240331768
2016-06-24,2016-07-29,JCI,383000000,0.57,679000000,9516000000,781000000,9599000000,7998000000,7531000000,467000000,-204000000,75000000,14.136966126656848,0.03989998958224815,0.012014178612879952,0.02605881494454174,0.8332117928950933
2016-09-30,2016-11-23,JCI,-1171000000,-1.76,679000000,10198000000,279000000,24118000000,16353000000,13556000000,579000000,772000000,1199000000,35.519882179675996,-0.04855294800563894,-0.01853463967457541,0.0017552546514765124,0.67804129695663
2016-12-31,2017-02-08,JCI,329000000,0.4,679000000,7086000000,876000000,19577000000,13250000000,12840000000,377000000,-2256000000,-1885000000,28.832106038291606,0.016805434949175052,0.006743461506927933,0.01747823824865427,0.6768146294120652
2017-03-31,2017-05-04,JCI,-148000000,-0.16,679000000,7267000000,819000000,19388000000,13476000000,13031000000,412000000,103000000,366000000,28.55375552282769,-0.007633587786259542,-0.0029834499163424516,-0.0047519781809673735,0.6950691149164432
2017-06-30,2017-08-03,JCI,555000000,0.59,679000000,7683000000,1179000000,19731000000,14271000000,13785000000,458000000,-146000000,216000000,29.058910162002945,0.02812832598449141,0.01094976916702837,0.023452421365493758,0.7232780903147331
2017-09-30,2017-11-21,JCI,875000000,0.98,679000000,8136000000,1406000000,20447000000,13572000000,13229000000,321000000,986000000,1333000000,30.11340206185567,0.04279356384799726,0.01686454398273071,0.029451780571396382,0.6637648554800215
2017-12-31,2018-02-02,JCI,230000000,0.26,679000000,5305000000,492000000,20535000000,12500000000,11938000000,552000000,-247000000,-133000000,30.24300441826215,0.011200389578767957,0.004621536359434967,-0.002400169500426467,0.6087168249330411
2018-03-31,2018-05-03,JCI,438000000,0.48,679000000,5630000000,573000000,20874000000,12098000000,11818000000,268000000,504000000,670000000,30.742268041237114,0.02098304110376545,0.008768417680973735,0.009473906729124614,0.5795726741400785
2018-06-30,2018-08-02,JCI,723000000,0.79,679000000,6282000000,916000000,20773000000,11956000000,11663000000,283000000,526000000,727000000,30.593519882179677,0.034804794685408945,0.014633850139659151,0.01910125971821283,0.5755548067202618
2018-09-30,2018-11-20,JCI,771000000,0.84,679000000,6183000000,870000000,21164000000,10930000000,10739000000,206000000,1004000000,1252000000,31.169366715758468,0.03642978642978643,0.015800151648666928,0.026746525460470873,0.5164430164430165
2018-12-31,2019-02-01,JCI,355000000,0.39,921600000,5464000000,531000000,20102000000,11908000000,11596000000,292000000,-39000000,114000000,21.81206597222222,0.01765993433489205,0.007393368877040987,0.005623326052642187,0.5923788677743508
2019-03-31,2019-05-03,JCI,515000000,0.57,902500000,5779000000,636000000,20036000000,12386000000,12128000000,239000000,366000000,491000000,22.200554016620497,0.025703733280095828,0.010620965579822228,0.01127218051983289,0.6181872629267319
2019-06-30,2019-08-01,JCI,-1008000000,-1.1574,870900000,6451000000,737000000,20363000000,7325000000,3624000000,3685000000,-17000000,106000000,23.381559306464577,-0.049501546923341355,-0.02340430472033249,0.010787983398626896,0.35972106271178117
2019-09-30,2019-11-21,JCI,612000000,0.79,784615384,6274000000,283000000,19766000000,7219000000,4398000000,2805000000,189000000,374000000,25.191960804072124,0.0309622584235556,0.014472532929742002,0.0831449315320283,0.3652231103915815
2019-12-31,2020-01-31,JCI,159000000,0.21,769900000,5576000000,589000000,19329000000,8394000000,6222000000,2160000000,187000000,313000000,25.105857903623846,0.008225981685550209,0.0037400324606590924,0.011149231799866995,0.4342697501164054
2020-03-31,2020-05-01,JCI,213000000,0.28,754800000,5444000000,513000000,18084000000,8163000000,7144000000,1006000000,17000000,141000000,23.95866454689984,0.011778367617783676,0.0052720162368199595,0.011490198343391394,0.451393497013935
2020-06-30,2020-07-31,JCI,-182000000,-0.25,679000000,5343000000,164000000,17805000000,9236000000,6881000000,2342000000,689000000,786000000,26.22238586156112,-0.010221847795563043,-0.004409128349241727,-0.0015260155030798455,0.5187306936253862
2020-09-30,2020-11-16,JCI,441000000,0.6,735200000,5954000000,812000000,17447000000,9026000000,7066000000,1951000000,883000000,979000000,23.73095756256801,0.025276551842723677,0.010804851157662623,0.023242085410084972,0.5173382243365622
2020-12-31,2021-01-29,JCI,451000000,0.65,679000000,5341000000,666000000,17656000000,9231000000,7387000000,1839000000,388000000,479000000,26.002945508100147,0.02554372451291346,0.010887408265739668,0.01574326023826401,0.5228251019483462
2021-03-31,2021-04-30,JCI,343000000,0.51,679000000,5594000000,975000000,17698000000,9055000000,7161000000,1883000000,538000000,644000000,26.06480117820324,0.01938072098542208,0.008329286061194754,0.020098638331866963,0.5116397333031981
2021-06-30,2021-07-30,JCI,574000000,0.83,679000000,6341000000,1022000000,17840000000,9160000000,7703000000,1450000000,716000000,843000000,26.273932253313696,0.03217488789237668,0.013622878841817966,0.02738473988380467,0.5134529147982063
2021-09-30,2021-11-15,JCI,269000000,0.41,679000000,6392000000,1128000000,17562000000,9114000000,7772000000,1336000000,293000000,521000000,25.864506627393226,0.015317162054435713,0.006421580329434232,0.014079486722509357,0.5189613939186881
2021-12-31,2022-02-02,JCI,381000000,0.54,679000000,5862000000,861000000,17249000000,9385000000,8163000000,1207000000,253000000,388000000,25.403534609720175,0.022088236999246332,0.009023731703851073,0.021422110355134305,0.5440895124355035
2022-03-31,2022-05-04,JCI,11000000,0.0157,679000000,6098000000,380000000,16536000000,10716000000,8896000000,1787000000,-193000000,-68000000,24.353460972017672,0.0006652152878567972,0.0002558675071526599,0.0031929743141209865,0.6480406386066764
2022-06-30,2022-08-04,JCI,379000000,0.55,679000000,6614000000,749000000,15988000000,10777000000,9236000000,1506000000,317000000,487000000,23.54639175257732,0.023705278959219415,0.008954730176731878,0.019069424885173727,0.6740680510382787
2022-09-30,2022-11-15,JCI,761000000,1.1,679000000,6725000000,887000000,16268000000,10227000000,8161000000,2031000000,1017000000,1179000000,23.95876288659794,0.046778952544873374,0.018051140945965178,0.03765282103749944,0.628657487091222
2022-12-31,2023-02-01,JCI,118000000,0.17,679000000,6068000000,531000000,16046000000,11055000000,9479000000,1576000000,-430000000,-296000000,23.631811487481592,0.007353857659229714,0.0027572026076594152,0.011791899521806763,0.6889567493456313
2023-03-31,2023-05-05,JCI,133000000,0.19,689700000,6686000000,526000000,15890000000,11820000000,9780000000,2040000000,193000000,314000000,23.039002464839786,0.008370044052863436,0.0030631045601105483,0.009726766601274193,0.7438640654499685
2023-06-30,2023-08-02,JCI,1049000000,1.54,679000000,7133000000,1043000000,16324000000,11196000000,10053000000,1143000000,702000000,813000000,24.04123711340206,0.06426121048762558,0.024520804114071995,0.04457540462020271,0.6858613085028179
2023-09-30,2023-12-14,JCI,549000000,0.81,679000000,5853000000,699000000,16545000000,10138000000,9290000000,828000000,1217000000,1390000000,24.366715758468334,0.033182230281051675,0.01299654372425548,0.023688441170552948,0.6127530976125718
2023-12-31,2024-01-30,JCI,374000000,0.55,679000000,5209000000,592000000,16698000000,12015000000,10195000000,1801000000,-328000000,-246000000,24.592047128129604,0.022397891963109356,0.008503672040199178,0.01516052318668252,0.7195472511678045
2024-03-31,2024-05-01,JCI,-277000000,-0.41,679000000,5597000000,-97000000,15658000000,12079000000,11222000000,843000000,-331000000,-203000000,23.06038291605302,-0.017690637373866395,-0.006374116943185217,-0.007832590225651165,0.7714267467109465
2024-06-30,2024-07-31,JCI,975000000,1.45,679000000,7231000000,1630000000,15968000000,11626000000,10754000000,862000000,932000000,1021000000,23.51693667157585,0.061059619238476956,0.022504327755337564,0.04338432607118034,0.7280811623246493
2024-09-30,2024-11-19,JCI,633000000,0.95,665300000,6248000000,953000000,16098000000,10703000000,10091000000,606000000,1356000000,1526000000,24.19660303622426,0.03932165486395826,0.01482609204824921,0.024119790083396368,0.664865200646043
2024-12-31,2025-02-05,JCI,419000000,0.63,673800000,5426000000,601000000,15900000000,11190000000,9946000000,1237000000,131000000,247000000,23.597506678539627,0.026352201257861634,0.009952966886787972,0.013963563222836808,0.7037735849056603
2025-03-31,2025-05-07,JCI,478000000,0.73,659100000,5676000000,703000000,15805000000,11205000000,10403000000,795000000,505000000,599000000,23.979669245941434,0.03024359379943056,0.011282365992399745,0.01811939729162693,0.7089528630180323
2025-06-30,2025-08-06,JCI,701000000,1.07,655400000,6052000000,972000000,15830000000,10293000000,9562000000,731000000,901000000,995000000,24.153188892279523,0.04428300694883133,0.0161546793261586,0.026996608078939256,0.6502210991787745
