date,filingDate,symbol,netIncome,eps,weightedAverageShsOut,revenue,ebitda,totalStockholdersEquity,totalDebt,netDebt,cashAndCashEquivalents,freeCashFlow,operatingCashFlow,bookValuePerShare,ROE,ROA,ROIC,debtToEquity
2015-09-27,2015-10-30,JNJ,3358000000,1.21,2767281000,17102000000,5174000000,71554000000,19750000000,6111000000,13639000000,5336000000,6125000000,25.85715003283006,0.04692959163708528,0.02519772485104978,0.04452716576278274,0.27601531710316685
2016-01-03,2016-02-24,JNJ,3215000000,1.16,2755162000,17811000000,4951000000,71150000000,19861000000,6129000000,13732000000,3716000000,5082000000,25.824252802557528,0.045186226282501754,0.02409846264550899,0.04337376673935978,0.27914265635980323
2016-04-03,2016-05-10,JNJ,4457000000,1.56,2751705000,17482000000,6345000000,72647000000,23349000000,9488000000,13861000000,1124000000,1763000000,26.400722461164985,0.06135146668134954,0.03271648890487481,0.05590434574607871,0.32140349911214505
2016-07-03,2016-08-04,JNJ,3997000000,1.45,2737654000,18482000000,5994000000,72473000000,26243000000,7603000000,18640000000,4233000000,4990000000,26.472666012578653,0.05515157368951196,0.02858798117498963,0.05184898469618626,0.36210726753411615
2016-10-02,2016-11-04,JNJ,4272000000,1.56,2722584000,17820000000,6381000000,72769000000,26989000000,8784000000,18205000000,4624000000,5361000000,26.727917302092425,0.058706317250477535,0.030434070200685337,0.05428759259167716,0.37088595418378706
2017-01-01,2017-02-27,JNJ,3814000000,1.4,2706511000,18106000000,5563000000,70418000000,27126000000,8154000000,18972000000,5560000000,6653000000,26.01799881840495,0.05416228805135051,0.02700980114441108,0.05060705941480967,0.3852140077821012
2017-04-02,2017-05-08,JNJ,4422000000,1.63,2694909000,17766000000,6691000000,70341000000,32370000000,11461000000,20909000000,2353000000,2913000000,26.10143793352577,0.06286518531155372,0.030513807808553804,0.056035420976583185,0.4601868042819977
2017-07-02,2017-08-03,JNJ,3827000000,1.42,2685190000,18839000000,6125000000,71922000000,34572000000,21974000000,12598000000,5083000000,5772000000,26.784696799854014,0.05321042240204666,0.025044664184232398,0.042706476896520115,0.4806874113623092
2017-10-01,2017-11-02,JNJ,3764000000,1.4,2684982000,19650000000,6730000000,73979000000,35166000000,19445000000,15721000000,5476000000,6266000000,27.55288489829727,0.05087930358615283,0.024181217797993038,0.04221558764924213,0.4753511131537328
2017-12-31,2018-02-21,JNJ,-10713000000,-3.99,2684900000,20195000000,4703000000,60160000000,34581000000,16757000000,17824000000,4865000000,6105000000,22.406793549107974,-0.1780751329787234,-0.06810423195997534,-0.15418731595421037,0.5748171542553191
2018-04-01,2018-05-01,JNJ,4367000000,1.63,2682189000,20009000000,7486000000,63255000000,32533000000,17894000000,14639000000,2948000000,3606000000,23.583349271807467,0.06903802070982532,0.02788188347964884,0.05635755063053761,0.514315073907201
2018-07-01,2018-08-02,JNJ,3954000000,1.47,2682301000,20830000000,6943000000,62889000000,32083000000,14514000000,17569000000,5204000000,6079000000,23.445914533827487,0.06287268043696036,0.025449747369098573,0.053682139668313,0.5101528089172988
2018-09-30,2018-10-31,JNJ,3934000000,1.47,2683155000,20348000000,6397000000,64626000000,31253000000,15197000000,16056000000,5453000000,6272000000,24.085824337393852,0.0608733327143874,0.025266051392715618,0.051991710384072146,0.4835979327205769
2018-12-30,2019-02-20,JNJ,3042000000,1.12,2724000000,20394000000,5107000000,59752000000,30480000000,12373000000,18107000000,4926000000,6244000000,21.93538913362702,0.05091042977640916,0.019888332439818506,0.045554160833221384,0.5101084482527781
2019-03-31,2019-05-01,JNJ,3749000000,1.41,2655636000,20021000000,6285000000,58955000000,29368000000,14634000000,14734000000,2887000000,3543000000,22.19995511433043,0.06359087439572556,0.0249888353429716,0.05212023882765353,0.4981426511746247
2019-06-30,2019-07-29,JNJ,5607000000,2.12,2642065000,20562000000,8829000000,60785000000,29418000000,15042000000,14376000000,5111000000,5948000000,23.00662549937265,0.09224315209344411,0.036146908462644324,0.07481630378446118,0.48396808423130705
2019-09-29,2019-10-28,JNJ,1753000000,1.84,2630961000,20729000000,3422000000,58210000000,29218000000,12969000000,16249000000,6782000000,7527000000,22.124995391417812,0.030115100498196185,0.01127178966184631,0.025345807797069554,0.5019412472083834
2019-12-29,2020-02-18,JNJ,4010000000,1.52,2632507000,20747000000,6119000000,59471000000,27696000000,10391000000,17305000000,5138000000,6398000000,22.59101305333661,0.06742782196364615,0.02542351389734226,0.058555558673083596,0.4657059743404348
2020-03-29,2020-04-29,JNJ,5796000000,2.2,2632392000,20691000000,8281000000,61294000000,27583000000,12053000000,15530000000,2733000000,3358000000,23.284526012843074,0.09456064215094463,0.03738944760897192,0.07932514600595716,0.45001142036740954
2020-06-28,2020-07-24,JNJ,3626000000,1.38,2632377000,18336000000,5711000000,62978000000,30394000000,19220000000,11174000000,2790000000,3452000000,23.924384691098577,0.05757566134205595,0.022894304836469252,0.044616824078247116,0.482612975959859
2020-09-27,2020-10-23,JNJ,3554000000,1.35,2632167000,21082000000,6263000000,64473000000,37758000000,18793000000,18965000000,7646000000,8383000000,24.494266511205407,0.055123850293921486,0.020821006133819195,0.043109215340746514,0.5856405006747011
2021-01-03,2021-02-22,JNJ,1738000000,0.66,2632512000,22475000000,3674000000,63278000000,35266000000,21281000000,13985000000,7020000000,8343000000,24.03711739965478,0.02746610196276747,0.009937447825540041,0.021639410608873966,0.557318499320459
2021-04-04,2021-04-30,JNJ,6197000000,2.35,2632702000,22321000000,9386000000,65834000000,33613000000,20942000000,12671000000,3397000000,4074000000,25.006248333461212,0.09413069234741926,0.03591277085252989,0.07201936359200586,0.5105720448400523
2021-07-04,2021-07-29,JNJ,6278000000,2.38,2631989000,23312000000,8541000000,69580000000,33483000000,19151000000,14332000000,4501000000,5314000000,26.436280698741523,0.09022707674619143,0.03558150079347087,0.07117799175113827,0.4812158666283415
2021-10-03,2021-10-29,JNJ,3667000000,1.39,2632600000,23338000000,5683000000,70272000000,33928000000,16324000000,17604000000,7543000000,8290000000,26.693003114791463,0.05218294626593807,0.0204599727721115,0.04256610351307375,0.4828096539162113
2022-01-02,2022-02-17,JNJ,4736000000,1.8,2628965000,24804000000,6739000000,74023000000,33751000000,19264000000,14487000000,4317000000,5732000000,28.156708058114123,0.06398011428880213,0.026019404674262985,0.051397936531466536,0.45595287951042246
2022-04-03,2022-04-29,JNJ,5149000000,1.96,2629384000,23426000000,7641000000,74709000000,33148000000,22685000000,10463000000,3372000000,3979000000,28.4131188141405,0.06892074582714265,0.028869389700316783,0.05295792031924803,0.44369486942670894
2022-07-03,2022-07-29,JNJ,4814000000,1.83,2629032000,24020000000,7622000000,76357000000,32597000000,21614000000,10983000000,4718000000,5581000000,29.043769722087827,0.06304595518420053,0.02708694380049965,0.04945671650389135,0.426902576057205
2022-10-02,2022-10-27,JNJ,4458000000,1.7,2616882000,19996000000,6908000000,74599000000,32027000000,20672000000,11355000000,5332000000,6284000000,28.506826062466708,0.05975951420260325,0.02545624814417213,0.045685465671610456,0.4293221088754541
2023-01-01,2023-02-16,JNJ,3520000000,1.35,2613597000,23706000000,6150000000,76804000000,39642000000,26753000000,12889000000,3763000000,5350000000,29.386320844414804,0.04583094630487995,0.018785556468742328,0.035423076622752916,0.51614499244831
2023-04-02,2023-04-28,JNJ,-68000000,-0.03,2605500000,20894000000,805000000,70869000000,52907000000,33737000000,19170000000,2394000000,3257000000,27.199769717904434,-0.0009595168550424022,-0.00034699365716006104,-0.003920620567849216,0.7465464448489466
2023-07-02,2023-07-31,JNJ,5144000000,1.98,2598400000,21519000000,8457000000,75149000000,45602000000,24419000000,21183000000,3058000000,4182000000,28.921259236453203,0.06845067798640035,0.026835553978903,0.055851248850791846,0.6068211153841035
2023-10-01,2023-10-27,JNJ,26028000000,10.32,2522900000,21351000000,7238000000,71228000000,29921000000,10193000000,19728000000,6522000000,7489000000,28.232589480359902,0.36541809400797437,0.1567375843816429,0.05487015749907309,0.42007356657494244
2023-12-31,2024-02-16,JNJ,4049000000,1.68,2407200000,21395000000,6820000000,68774000000,29332000000,7473000000,21859000000,6274000000,7863000000,28.570122964440014,0.058873993078779774,0.024164766827009156,0.05588791082503359,0.4264983860179719
2024-03-31,2024-05-01,JNJ,3255000000,1.35,2408200000,21383000000,5684000000,70020000000,33632000000,8159000000,25473000000,2850000000,3657000000,29.075658167926253,0.04648671808054841,0.018928160217717455,0.043372825226628234,0.48031990859754353
2024-06-30,2024-07-25,JNJ,4686000000,1.95,2406800000,22447000000,7800000000,71538000000,41491000000,16613000000,24878000000,4657000000,5633000000,29.723284028585674,0.06550364841063491,0.025876921717617955,0.055655804500765425,0.5799854622717996
2024-09-29,2024-10-23,JNJ,2694000000,1.12,2407298000,22471000000,5377000000,70158000000,35751000000,15771000000,19980000000,5714000000,7993000000,29.1438783233318,0.03839904216197725,0.015110467953356105,0.033164176583673474,0.5095783802274866
2024-12-29,2025-02-13,JNJ,3431000000,1.43,2406922000,22520000000,5920000000,71490000000,36634000000,12529000000,24105000000,4838000000,6983000000,29.701834957676237,0.04799272625542034,0.019050104384133612,0.0422752944573439,0.512435305637152
2025-03-30,2025-04-23,JNJ,10999000000,4.57,2405625000,21893000000,15607000000,78109000000,52252000000,13778000000,38474000000,3365000000,4174000000,32.46931670563783,0.14081603912481278,0.05679218881505233,0.12149280949988604,0.6689626035412053
2025-06-29,2025-07-24,JNJ,5537000000,2.29,2419100000,23743000000,6491000000,78473000000,50761000000,32184000000,18577000000,2480000000,3878000000,32.438923566615685,0.07055930065117938,0.02863141130053933,0.05003750327588856,0.6468594293578683
