date,filingDate,symbol,netIncome,eps,weightedAverageShsOut,revenue,ebitda,totalStockholdersEquity,totalDebt,netDebt,cashAndCashEquivalents,freeCashFlow,operatingCashFlow,bookValuePerShare,ROE,ROA,ROIC,debtToEquity
2015-09-30,2015-11-02,KEY,219000000,0.26,831430000,1091000000,352000000,10705000000,11394000000,10924000000,470000000,167000000,190000000,12.875407430571425,0.020457730032695003,0.0022950682232608832,0.010171528965740442,1.0643624474544606
2015-12-31,2016-02-24,KEY,226000000,0.27,828206000,1114000000,377000000,10746000000,11089000000,10482000000,607000000,847000000,882000000,12.97503278169924,0.02103108133258887,0.002375671442537133,0.010976069342377992,1.0319188535268937
2016-03-31,2016-05-05,KEY,188000000,0.22,826447000,1073000000,305000000,11066000000,11749000000,11275000000,474000000,365000000,373000000,13.389848350831935,0.016988975239472258,0.0019105302737749232,0.008370260955194485,1.0617205855774445
2016-06-30,2016-08-05,KEY,202000000,0.23,831899000,1117000000,329000000,11313000000,12435000000,11939000000,496000000,329000000,351000000,13.599006610177437,0.01785556439494387,0.0019970341077607512,0.008515396525030104,1.0991779368867673
2016-09-30,2016-11-07,KEY,172000000,0.17,982080000,1363000000,357000000,14996000000,14842000000,14093000000,749000000,87000000,136000000,15.269631801889867,0.011469725260069352,0.0012665218511836824,0.005912888033277184,0.9897305948252867
2016-12-31,2017-02-28,KEY,229000000,0.2,1067771000,1602000000,291000000,15240000000,14694000000,14017000000,677000000,763000000,829000000,14.272723271188298,0.015026246719160105,0.001678233530959378,0.007929726219366306,0.9641732283464567
2017-03-31,2017-05-05,KEY,324000000,0.28,1068609000,1581000000,519000000,14976000000,13709000000,13160000000,549000000,-407000000,-405000000,14.014480506901963,0.021634615384615384,0.0024093518546060263,0.011551037816320728,0.9153979700854701
2017-06-30,2017-08-04,KEY,412000000,0.37,1076203000,1725000000,663000000,15253000000,15965000000,15364000000,601000000,-206000000,-184000000,14.1729766596079,0.02701107978758277,0.003033337259983508,0.013293268445634776,1.0466793417688323
2017-09-30,2017-11-01,KEY,364000000,0.32,1073390000,1652000000,600000000,15249000000,16088000000,15526000000,562000000,1636000000,1668000000,14.206392830192195,0.023870417732310314,0.00266212253077165,0.011795288383428108,1.0550200013115614
2017-12-31,2018-02-26,KEY,196000000,0.17,1062348000,1718000000,553000000,15023000000,15344000000,14673000000,671000000,680000000,736000000,14.141317157842817,0.013046661785262597,0.0014234048424813723,0.006600215517241379,1.0213672369034148
2018-03-31,2018-05-03,KEY,418000000,0.38,1056037000,1697000000,581000000,14944000000,15498000000,14855000000,643000000,-230000000,-211000000,14.15101932981515,0.027971092077087794,0.0030500040131631752,0.013960200006711635,1.0370717344753748
2018-06-30,2018-08-02,KEY,482000000,0.44,1052652000,1742000000,674000000,15100000000,16159000000,15375000000,784000000,602000000,619000000,14.34472171239878,0.0319205298013245,0.0034980260102183,0.01571780147662018,1.0701324503311258
2018-09-30,2018-11-01,KEY,482000000,0.45,1036479000,1805000000,664000000,15208000000,15771000000,15452000000,319000000,349000000,386000000,14.67275265586664,0.0316938453445555,0.003472497388422607,0.015720808871493804,1.0370199894792214
2018-12-31,2019-02-25,KEY,484000000,0.45,1018614000,1727000000,666000000,15595000000,14595000000,13917000000,678000000,1686000000,1712000000,15.310019300736098,0.031035588329592818,0.003466725877962654,0.01633233938736785,0.9358768836165438
2019-03-31,2019-05-03,KEY,407000000,0.38,1006717000,1795000000,546000000,15924000000,15113000000,14502000000,611000000,547000000,556000000,15.817752158749679,0.0255589047977895,0.002876020209871745,0.013343850654045883,0.9490705852800804
2019-06-30,2019-08-01,KEY,425000000,0.4,999163000,1906000000,573000000,16969000000,15193000000,14586000000,607000000,141000000,170000000,16.983214950913915,0.02504567151865166,0.002940260818430247,0.013405165583901124,0.8953385585479403
2019-09-30,2019-10-31,KEY,416000000,0.39,988319000,1924000000,545000000,17116000000,15352000000,14716000000,636000000,1163000000,1183000000,17.318295003941035,0.024304744099088574,0.002835893135911542,0.012974365418446846,0.8969385370413648
2019-12-31,2020-02-26,KEY,469000000,0.45,973450000,1881000000,599000000,17038000000,13540000000,12808000000,732000000,980000000,1007000000,17.502696594586265,0.02752670501232539,0.003234750462107209,0.015613482543724452,0.7946942129357906
2020-03-31,2020-05-04,KEY,146000000,0.12,967446000,1684000000,222000000,17411000000,20782000000,19917000000,865000000,-185000000,-173000000,17.996870109546165,0.008385503417379817,0.0009347170560254038,0.0038844834976425203,1.193613233013612
2020-06-30,2020-08-03,KEY,187000000,0.17,967147000,1833000000,247000000,17542000000,15717000000,14658000000,1059000000,263000000,278000000,18.137883899758776,0.010660129973777221,0.0010923407635870836,0.005745341614906832,0.8959639721810512
2020-09-30,2020-11-03,KEY,428000000,0.41,967804000,1751000000,510000000,17722000000,13716000000,12760000000,956000000,604000000,622000000,18.31155895201921,0.024150773050445773,0.002509675149525038,0.013909848435142052,0.7739532784110146
2020-12-31,2021-02-22,KEY,582000000,0.57,967987000,1873000000,688000000,17981000000,14688000000,13597000000,1091000000,928000000,946000000,18.575662689684883,0.03236749902675046,0.0034167762539921097,0.018208879599721325,0.8168622434792281
2021-03-31,2021-05-04,KEY,622000000,0.62,964878000,1775000000,782000000,17634000000,13524000000,12586000000,938000000,-217000000,-205000000,18.2758856560104,0.035272768515368036,0.0035300193526784447,0.02045003309066843,0.7669275263695134
2021-06-30,2021-08-02,KEY,729000000,0.73,957423000,1789000000,917000000,17941000000,14145000000,13353000000,792000000,433000000,453000000,18.738843750359038,0.040633186555933336,0.004025066946415261,0.023135425321147825,0.7884175909926983
2021-09-30,2021-11-02,KEY,645000000,0.66,942446000,1828000000,867000000,17510000000,14160000000,13397000000,763000000,916000000,915000000,18.579313828060176,0.036836093660765276,0.0034485524099767424,0.020804348529459345,0.80868075385494
2021-12-31,2022-02-22,KEY,629000000,0.65,922970000,1942000000,720000000,17423000000,12803000000,11890000000,913000000,-45000000,-10000000,18.877103264461468,0.03610170464328761,0.0033754413832333403,0.021389827039197624,0.7348332663720369
2022-03-31,2022-05-04,KEY,448000000,0.46,922941000,1703000000,577000000,15308000000,13635000000,12951000000,684000000,863000000,881000000,16.586108971212678,0.02926574340214267,0.002472119677079367,0.015817969496443613,0.8907107394826235
2022-06-30,2022-08-02,KEY,533000000,0.55,924302000,1829000000,696000000,14427000000,22660000000,21982000000,678000000,-114000000,-78000000,15.608534872801314,0.03694461773064393,0.0028501454483230663,0.014556840341673762,1.5706661121508283
2022-09-30,2022-11-01,KEY,542000000,0.55,924594000,2080000000,690000000,13290000000,27057000000,26340000000,717000000,2062000000,2081000000,14.373876533916508,0.040782543265613244,0.0028518660780527333,0.013626040878122634,2.0358916478555305
2022-12-31,2023-02-22,KEY,394000000,0.38,924974000,2304000000,507000000,13454000000,28770000000,27883000000,887000000,1550000000,1585000000,14.545273704990628,0.02928497101233834,0.0020757271630499493,0.009531412535984711,2.138397502601457
2023-03-31,2023-05-04,KEY,312000000,0.3,926490000,2387000000,433000000,14322000000,34188000000,33404000000,784000000,694000000,718000000,15.4583427775799,0.02178466694595727,0.0015795948744171447,0.0065163642459037,2.3870967741935485
2023-06-30,2023-08-02,KEY,287000000,0.27,926741000,2578000000,385000000,13844000000,30722000000,29964000000,758000000,532000000,582000000,14.938370051610969,0.020731002600404506,0.001471515661130965,0.006528487947406866,2.219156313204276
2023-09-30,2023-11-02,KEY,303000000,0.29,927131000,2648000000,406000000,13356000000,24816000000,24050000000,766000000,541000000,566000000,14.405731228920185,0.022686433063791554,0.0016129805005030582,0.008073571084852698,1.858041329739443
2023-12-31,2024-02-22,KEY,65000000,0.03,927517000,2616000000,85000000,14637000000,22645000000,21704000000,941000000,994000000,1037000000,15.780842830913071,0.004440800710528114,0.0003452286741625549,0.0017886134118488758,1.5471066475370636
2024-03-31,2024-05-02,KEY,219000000,0.2,929692000,2638000000,302000000,14547000000,23699000000,22452000000,1247000000,347000000,359000000,15.647117540002496,0.01505465044339039,0.001168093447475798,0.005919078894024163,1.6291331546023236
2024-06-30,2024-07-26,KEY,274000000,0.25,931726000,2678000000,360000000,14789000000,22186000000,20860000000,1326000000,-230000000,-217000000,15.872692186329457,0.018527283792007573,0.001461723126166978,0.007657998821846335,1.500169044560146
2024-09-30,2024-11-06,KEY,-410000000,-0.47,948979000,1865000000,-487000000,16852000000,18080000000,16804000000,1276000000,-1222000000,-1205000000,17.758032580278382,-0.02432945644433895,-0.0021605897883148983,-0.012211789874019491,1.0728696890576785
2024-12-31,2025-02-21,KEY,-244000000,-0.28,986829000,1874000000,-408000000,18176000000,14249000000,12506000000,1743000000,1704000000,1727000000,18.418591265558675,-0.013424295774647887,-0.001303641648144982,-0.007952545466397235,0.7839458626760564
2025-03-31,2025-05-06,KEY,405000000,0.34,1096654000,2698000000,518000000,19003000000,14742000000,12833000000,1909000000,-150000000,-140000000,17.3281636687597,0.02131242435404936,0.00214636628138067,0.012752858399296393,0.7757722464873967
2025-06-30,2025-08-05,KEY,425000000,0.35,1100033000,2749000000,547000000,19484000000,14837000000,13051000000,1766000000,1211000000,1234000000,17.712195906850067,0.021812769451857936,0.002291117472331387,0.012993395791737061,0.7614966126052145
