date,filingDate,symbol,netIncome,eps,weightedAverageShsOut,revenue,ebitda,totalStockholdersEquity,totalDebt,netDebt,cashAndCashEquivalents,freeCashFlow,operatingCashFlow,bookValuePerShare,ROE,ROA,ROIC,debtToEquity
2015-09-27,2015-11-06,KHC,-123000000,-0.11,1122222222,6120000000,505000000,67131000000,25250000000,20813000000,4437000000,-422000000,-312000000,59.819702982142516,-0.0018322384591321446,-0.001009918549658434,0.002349531735364678,0.3761302527893224
2016-01-03,2016-03-03,KHC,645000000,0.53,1214000000,7124000000,1634000000,66005000000,25234000000,20397000000,4837000000,1439000000,1721000000,54.369851729818784,0.009771986970684038,0.00524505379229587,0.009436674762338072,0.38230437088099384
2016-04-03,2016-05-05,KHC,896000000,0.74,1215000000,6570000000,1884000000,66363000000,25167000000,20968000000,4199000000,-33000000,270000000,54.619753086419756,0.013501499329445625,0.0072684204975947695,0.012322992354181434,0.37923240359839067
2016-07-03,2016-08-05,KHC,950000000,0.63,1217000000,6793000000,1987000000,57826000000,32753000000,28516000000,4237000000,1623000000,1834000000,47.5152013147083,0.01642859613322727,0.0078071069327109565,0.013198305366927048,0.5664061148964133
2016-10-02,2016-11-04,KHC,842000000,0.69,1218000000,6267000000,1706000000,57642000000,32680000000,28760000000,3920000000,440000000,762000000,47.32512315270936,0.014607404323236529,0.0069540799471423855,0.012502727176270953,0.5669477117379689
2016-12-31,2017-02-23,KHC,944000000,0.78,1217000000,6857000000,1917000000,57358000000,32404000000,28200000000,4204000000,1961000000,2372000000,47.130649137222676,0.01645803549635622,0.007835325365205844,0.013705614904509222,0.5649429896439904
2017-04-01,2017-05-04,KHC,893000000,0.73,1217000000,6324000000,1825000000,57732000000,32680000000,29438000000,3242000000,-519000000,-151000000,47.437962202136404,0.015468024665696667,0.007392261717521233,0.01278084662154411,0.5660638813829418
2017-07-01,2017-08-04,KHC,1159000000,0.95,1218000000,6637000000,2152000000,58333000000,31088000000,29643000000,1445000000,720000000,1042000000,47.89244663382594,0.019868684963914078,0.009705567093186842,0.015731277197955074,0.5329401882296471
2017-09-30,2017-11-07,KHC,944000000,0.78,1218000000,6280000000,1938000000,58759000000,31509000000,30068000000,1441000000,-1141000000,-875000000,48.24220032840722,0.0160656239895165,0.007863324753646367,0.013006530962745722,0.5362412566585545
2017-12-30,2018-02-16,KHC,8003000000,6.57,1218112633,6877000000,1885000000,65863000000,31503000000,29874000000,1629000000,250000000,511000000,54.06971261581194,0.12150980064679714,0.0666405755587383,0.1028475307309272,0.478311039582163
2018-03-31,2018-05-03,KHC,1003000000,0.81,1219000000,6304000000,1817000000,66248000000,32304000000,30510000000,1794000000,190000000,413000000,54.3461853978671,0.015140079700519261,0.008303873761249142,0.012947406124140875,0.48762226784204804
2018-06-30,2018-08-03,KHC,754000000,0.62,1219000000,6690000000,1612000000,65677000000,34168000000,30799000000,3369000000,-399000000,-184000000,53.87776866283839,0.011480426937893022,0.006185600840060379,0.01012964542484701,0.5202430074455289
2018-09-29,2018-11-02,KHC,619000000,0.52,1219000000,6383000000,1395000000,65385000000,32376000000,31010000000,1366000000,514000000,670000000,53.63822805578343,0.009467003135275674,0.005169965756284974,0.008963044493933026,0.4951594402385868
2018-12-29,2019-06-07,KHC,-12571000000,-10.39,1219687589,6900000000,-13866000000,51657000000,31168000000,30038000000,1130000000,1443000000,1675000000,42.35264871585079,-0.24335520839382851,-0.1215047215859116,-0.1511507918698587,0.6033645004549238
2019-03-30,2019-08-13,KHC,405000000,0.33,1220000000,5959000000,1181000000,51703000000,31110000000,30014000000,1096000000,55000000,304000000,42.37950819672131,0.007833201168210742,0.003910700836214055,0.007499429957957293,0.6017058971432993
2019-06-29,2019-08-13,KHC,449000000,0.37,1220000000,6406000000,1122000000,51543000000,31131000000,29679000000,1452000000,822000000,1021000000,42.248360655737706,0.008711173195196244,0.004350733035532601,0.008679042865242495,0.6039811419591409
2019-09-28,2019-10-31,KHC,899000000,0.74,1221000000,6076000000,1803000000,51673000000,30672000000,28357000000,2315000000,532000000,665000000,42.32022932022932,0.0173978673581948,0.008743265060006613,0.015064058379140523,0.5935788516246395
2019-12-28,2020-02-14,KHC,182000000,0.15,1221000000,6536000000,910000000,51623000000,29244000000,26965000000,2279000000,1375000000,1562000000,42.27927927927928,0.0035255603122639136,0.0017939871858058158,0.004650078472190118,0.5664916800650873
2020-03-28,2020-05-01,KHC,378000000,0.31,1222000000,6157000000,1094000000,51009000000,32779000000,27376000000,5403000000,81000000,212000000,41.742225859247135,0.007410456978180321,0.003632065953705572,0.007645824197993293,0.6426120880628908
2020-06-27,2020-07-31,KHC,-1651000000,-1.35,1222962962,6648000000,-1014000000,49040000000,28860000000,26048000000,2812000000,1877000000,2004000000,40.09933376870329,-0.03366639477977162,-0.016794498809838666,-0.016290707452873615,0.5884991843393148
2020-09-26,2020-10-30,KHC,597000000,0.49,1223000000,6441000000,1452000000,49218000000,28417000000,25697000000,2720000000,971000000,1110000000,40.24366312346689,0.012129708643179325,0.0060842624487882436,0.010748900262092477,0.5773700678613516
2020-12-26,2021-02-17,KHC,1032000000,0.84,1223000000,6939000000,1861000000,50103000000,28306000000,24889000000,3417000000,1404000000,1603000000,40.967293540474245,0.020597569007843843,0.0103375738755885,0.017304862959358486,0.564956190248089
2021-03-27,2021-04-30,KHC,563000000,0.46,1223000000,6394000000,1341000000,50288000000,27206000000,24846000000,2360000000,583000000,810000000,41.11856091578087,0.011195513840279987,0.005706235303656855,0.012016258224699145,0.5410038180082724
2021-06-26,2021-08-04,KHC,-27000000,-0.0204,1224000000,6615000000,1485000000,49997000000,25155000000,21214000000,3941000000,1015000000,1219000000,40.84722222222222,-0.0005400324019441166,-0.0002782415136338342,-0.0006847213200556194,0.5031301878112687
2021-09-25,2021-10-28,KHC,733000000,0.6,1225000000,6324000000,1522000000,50089000000,23972000000,21699000000,2273000000,195000000,419000000,40.88897959183674,0.014633951566212142,0.007724164093701592,0.01509285367045541,0.47858811315857774
2021-12-25,2022-02-17,KHC,-257000000,-0.21,1217755539,6709000000,317000000,49298000000,21815000000,18370000000,3445000000,2666000000,2916000000,40.48267359184642,-0.005213193232991196,-0.0027517827697710775,0.0006087413207469956,0.44251288084709317
2022-03-26,2022-04-28,KHC,776000000,0.63,1225000000,6045000000,1433000000,49644000000,21750000000,18772000000,2978000000,272000000,486000000,40.52571428571429,0.015631294819112077,0.008267280320463649,0.014260505670044,0.4381194102006285
2022-06-25,2022-07-28,KHC,265000000,0.22,1225000000,6554000000,869000000,48796000000,20918000000,19400000000,1518000000,81000000,302000000,39.8334693877551,0.00543077301418149,0.002890614773768489,0.006164782888066551,0.42868267890810724
2022-09-24,2022-10-27,KHC,432000000,0.35,1227000000,6505000000,1002000000,48148000000,20070000000,19073000000,997000000,532000000,729000000,39.24042379788101,0.008972335299493229,0.004800426704595964,0.009178406322074156,0.4168397441222896
2022-12-31,2023-02-16,KHC,890000000,0.73,1226000000,7381000000,1516000000,48678000000,20070000000,19030000000,1040000000,668000000,952000000,39.7047308319739,0.018283413451661942,0.00983284169124877,0.015805206405723755,0.41230124491556763
2023-04-01,2023-05-03,KHC,836000000,0.68,1229411764,6489000000,1498000000,49153000000,20105000000,19279000000,826000000,220000000,486000000,39.980909113864634,0.017008117510630073,0.009192571170953234,0.014872855650129573,0.4090289504201168
2023-07-01,2023-08-02,KHC,1000000000,0.81,1228000000,6721000000,1616000000,49814000000,19997000000,19050000000,947000000,856000000,1098000000,40.56514657980456,0.020074677801421286,0.01099432692730551,0.01731166023827347,0.40143333199502146
2023-09-30,2023-11-01,KHC,262000000,0.21,1229000000,6570000000,962000000,49276000000,19878000000,18826000000,1052000000,765000000,1036000000,40.09438567941416,0.00531699001542333,0.0029222807174087624,0.005578333267362383,0.40340125010146927
2023-12-30,2024-02-15,KHC,757000000,0.62,1225000000,6860000000,1430000000,49526000000,20032000000,18632000000,1400000000,1122000000,1356000000,40.42938775510204,0.015284900860154263,0.00837954814642624,0.013783808828094473,0.4044744174776885
2024-03-30,2024-05-01,KHC,801000000,0.66,1214000000,6411000000,1485000000,49522000000,20545000000,18919000000,1626000000,477000000,771000000,40.79242174629324,0.016174629457614796,0.008869547885592797,0.014327422018658532,0.4148661201082347
2024-06-29,2024-07-31,KHC,102000000,0.0842,1212000000,6476000000,816000000,48895000000,19934000000,19034000000,900000000,553000000,942000000,40.34240924092409,0.0020861028735044483,0.0011486874556572858,0.0024408514434357846,0.4076899478474282
2024-09-28,2024-10-30,KHC,-290000000,-0.24,1210000000,6383000000,192000000,48328000000,20091000000,18807000000,1284000000,849000000,1083000000,39.9404958677686,-0.006000662142029465,-0.0032743942370661427,-0.0008089812178983278,0.4157217348121172
2024-12-28,2025-02-13,KHC,2131000000,1.77,1207000000,6576000000,223000000,49185000000,19869000000,18535000000,1334000000,1141000000,1388000000,40.749792874896436,0.043326217342685776,0.024137188940614132,0.0014550770101306916,0.4039646233607807
2025-03-29,2025-04-29,KHC,712000000,0.6,1194000000,5999000000,1484000000,49460000000,21603000000,19490000000,2113000000,482000000,720000000,41.42378559463987,0.014395471087747675,0.007887099275538914,0.012684770576326627,0.43677719369187223
2025-06-28,2025-07-30,KHC,-7824000000,-6.58,1190000000,6352000000,-7664000000,41358000000,21211000000,19644000000,1567000000,1022000000,1209000000,34.7546218487395,-0.1891774263745829,-0.09590468368860397,-0.12412766189958897,0.5128632912616664
