date,filingDate,symbol,netIncome,eps,weightedAverageShsOut,revenue,ebitda,totalStockholdersEquity,totalDebt,netDebt,cashAndCashEquivalents,freeCashFlow,operatingCashFlow,bookValuePerShare,ROE,ROA,ROIC,debtToEquity
2015-09-30,2015-11-05,KKR,-190588000,-0.42,452165697,188626000,-1073731000,0,16587643000,13550097000,3037546000,714427000,733254000,0.0,-inf,-0.002759867996441081,-0.07876364723021345,inf
2015-12-31,2016-02-26,KKR,32257000,0.0,450262143,307923000,1441673000,0,18714597000,16194737000,2519860000,-1512997000,-1347138000,0.0,inf,0.0004540531808785181,0.0871067014472345,inf
2016-03-31,2016-05-06,KKR,-329939000,-0.73,450262143,162805000,-587052000,0,16827497000,14747191000,2080306000,-741217000,-738790000,0.0,-inf,-0.009583287235492672,-0.0399069149420189,inf
2016-06-30,2016-08-04,KKR,99583000,0.21,448221538,576757000,460589000,0,17894036000,14400669000,3493367000,-454676000,-452129000,0.0,inf,0.0026550601888384665,0.03129156249845056,inf
2016-09-30,2016-11-04,KKR,360353000,0.79,445989300,687056000,1240693000,0,17589353000,14116223000,3473130000,630308000,635099000,0.0,inf,0.009486818591924585,0.08692586173121233,inf
2016-12-31,2017-02-24,KKR,179310000,0.38,451154845,481475000,650948000,0,18544075000,14410415000,4133660000,-1061382000,-1006362000,0.0,inf,0.004597350807043897,0.04461319002324887,inf
2017-03-31,2017-05-08,KKR,267684000,0.57,453695846,767755000,1025290000,0,19625439000,15267144000,4358295000,-1172471000,-1150910000,0.0,inf,0.006429192324127903,0.06390932072690579,inf
2017-06-30,2017-08-04,KKR,413987000,0.87,466170025,1015800000,1085652000,0,19425253000,15816557000,3608696000,-939014000,-911225000,0.0,inf,0.009657231915746356,0.06720576584764412,inf
2017-09-30,2017-11-03,KKR,161904000,0.33,471758886,749652000,609317000,0,20290714000,16524413000,3766301000,-544619000,-522079000,0.0,inf,0.003654252678761726,0.035164419449892605,inf
2017-12-31,2018-02-23,KKR,174730000,0.35,481165742,941648000,873007000,0,21193859000,17514800000,3679059000,-1437591000,-1411359000,0.0,inf,0.0038121756566239667,0.038780836436151135,inf
2018-03-31,2018-05-08,KKR,178443000,0.36,487704838,472606000,840125000,0,22041271000,19292323000,2748948000,-2166170000,-2157500000,0.0,inf,0.003750445074127318,0.042309126949308475,inf
2018-06-30,2018-08-03,KKR,688722000,1.33,510586631,971620000,1831206000,0,19972383000,16767713000,3204670000,-2417325000,-2380807000,0.0,inf,0.014179209935860219,0.10511927736775603,inf
2018-09-30,2018-11-02,KKR,648539000,1.22,525240214,1129666000,1433945000,9006767000,20266172000,17037520000,3228652000,-726506000,-701740000,17.14790063656474,0.07200574856660553,0.012882164108384985,0.0608842490400574,2.2501050598955206
2018-12-31,2019-02-15,KKR,-384641000,-0.74,528046179,-178056000,-972399000,8649610000,22341192000,19896045000,2445147000,-2401701000,-2366428000,16.38040448731284,-0.04446917259853334,-0.007580122528310346,-0.03004357346957951,2.5829132180526058
2019-03-31,2019-05-03,KKR,709319000,1.31,533892474,1187480000,2043727000,9322371000,22414442000,19694624000,2719818000,136372000,156278000,17.461139562720263,0.07608783216201115,0.013639695808895078,0.06385474542451014,2.4043713771957798
2019-06-30,2019-08-02,KKR,522734000,0.94,544528863,1179864000,1791895000,9875478000,25825233000,22726412000,3098821000,-3395330000,-3270122000,18.135821020749088,0.05293252640530413,0.009087222886630143,0.049010040440371515,2.6150868849082545
2019-09-30,2019-11-05,KKR,249554000,0.44,546336936,790485000,658491000,10117754000,25416275000,21873875000,3542400000,-417653000,-398942000,18.51925676868386,0.02466496022733899,0.00432914889186754,0.01777721173074723,2.5120471401063913
2019-12-31,2020-02-18,KKR,523442000,0.93,555379973,1063071000,1717728000,10807490000,27138370000,23975216000,3163154000,-2212906000,-2169369000,19.45963218951001,0.048433262487404566,0.008595202846192746,0.04454954319531361,2.5110705631002204
2020-03-31,2020-05-11,KKR,-1280524000,-2.31,557950216,-1001505000,-4327163000,9325962000,26379061000,23225524000,3153537000,-1451850000,-1406406000,16.714684809800307,-0.13730744345730767,-0.02303056190909978,-0.12248399895129161,2.8285619220837486
2020-06-30,2020-08-07,KKR,706969000,1.25,558774162,1331994000,2397496000,9954868000,28778079000,25172976000,3605103000,-1361718000,-1331533000,17.815548171320064,0.07101741580099304,0.01138246098695706,0.06172539540401734,2.8908549063633995
2020-09-30,2020-11-06,KKR,1064843000,1.86,562425576,1895238000,3557385000,12197656000,31612806000,25868725000,5744081000,-1445246000,-1409406000,21.687591248517474,0.08729898596910751,0.015070950129128964,0.08337787226417596,2.5917115550725485
2020-12-31,2021-02-19,KKR,1511221000,2.6,570818257,2005164000,5068848000,13716818000,33615160000,27107286000,6507874000,-1848265000,-1806348000,24.03009685094918,0.11017285495805222,0.018936063630504693,0.11376166578909064,2.450652913817184
2021-03-31,2021-05-10,KKR,1669836000,2.85,576727967,4563006000,4616534000,14676056000,36749227000,26250491000,10498736000,-100893000,-73166000,25.447103036014205,0.11377961490471282,0.007714824184019233,0.1014342009532699,2.5040260816666278
2021-06-30,2021-08-06,KKR,1315275000,2.19,582398367,3136181000,4882970000,16068359000,38778169000,27115885000,11662284000,-1255980000,-1234142000,27.58997948907367,0.08185496726828172,0.005737674378089689,0.10463724348086215,2.4133247831965914
2021-09-30,2021-11-05,KKR,1156557000,1.94,583030506,4483365000,3961530000,16932970000,42195937000,30222315000,11973622000,-2284141000,-2251191000,29.04302575206931,0.06830207577288568,0.004351235977925479,0.07530661114958447,2.4919395120879564
2021-12-31,2022-02-28,KKR,524808000,0.0,586760370,4053596000,1319444000,17582164000,39590222000,29498620000,10091602000,-3637743000,-3618209000,29.96481169987673,0.02984888549555106,0.0019857620608990036,0.02279651908688861,2.2517263517733084
2022-03-31,2022-05-06,KKR,7464000,-0.02,592202835,999363000,1584017000,15714287000,39367683000,26452754000,12914929000,904930000,916818000,26.53531201011559,0.0004749817793196726,2.802948853908049e-05,0.03649720042707518,2.5052159859368737
2022-06-30,2022-08-05,KKR,-717375000,-1.08,680747047,290881000,-1568897000,19072683000,40412981000,28561805000,11851176000,-4085775000,-4063490000,28.01728348885515,-0.03761269455377621,-0.0026961373138346075,-0.031174532360489178,2.118893340805801
2022-09-30,2022-11-08,KKR,49887000,0.038,859833444,1820800000,623849000,17451045000,41390213000,30331376000,11058837000,-1509463000,-1485052000,20.295843481984868,0.002858682674877063,0.00018736997116680109,0.00788365776537251,2.3717899415192614
2022-12-31,2023-02-27,KKR,100470000,0.0,861069576,2528695000,628655000,18807767000,44074997000,31251441000,12823556000,-674007000,-647535000,21.842331356508176,0.005341941975355181,0.0003648855183398718,-0.010368518438947767,2.3434465665169077
2023-03-31,2023-05-10,KKR,339994000,0.37,861108510,3090324000,1025034000,19662681000,45544706000,36255203000,9289503000,-1956095000,-1932888000,22.83415013515544,0.017291334787967114,0.0012030476324438077,0.011655112580321321,2.316301932579794
2023-06-30,2023-08-08,KKR,861712000,0.98,861553274,3586660000,2210953000,19981567000,48433279000,38126799000,10306480000,-2677676000,-2639121000,23.19249151852216,0.04312534647557922,0.0029952296774054645,0.029527746529981802,2.4238979355322834
2023-09-30,2023-11-09,KKR,1490126000,1.71,862123088,3273140000,3588256000,20407773000,47194319000,35899877000,11294442000,1953654000,1971073000,23.671530532076414,0.07301757031499713,0.005160914156262786,0.053843065954886145,2.31256585419683
2023-12-31,2024-02-29,KKR,1040429000,1.18,884998900,4372746000,2676337000,22858694000,49387579000,29039012000,20348567000,1077912000,1107124000,25.82906487228402,0.04551567994216992,0.0032790672494940136,0.043690679088192144,2.1605599602496977
2024-03-31,2024-05-09,KKR,682214000,0.77,885005824,9600353000,2171682000,21421193000,49532320000,33923427000,15608893000,1510138000,1527433000,24.204578567835505,0.031847619317934346,0.0020078468233967815,0.03148955237901664,2.31230445475189
2024-06-30,2024-08-09,KKR,667926000,0.75,887394513,4108021000,2059208000,21673103000,50184888000,34644710000,15540178000,3331369000,3357842000,24.423300665596972,0.03081819894456276,0.0019167434030083906,0.03000875271102423,2.3155377427957595
2024-09-30,2024-11-05,KKR,600550000,0.68,887444991,4731534000,2445012000,24083685000,50549701000,36089916000,14459785000,1831657000,1876258000,27.138228559791376,0.0249359680630269,0.0016651607251229146,0.035446684956728154,2.0989188739181732
2024-12-31,2025-02-28,KKR,1125555000,1.27,888223000,3200380000,2490445000,23651568000,50816440000,35937947000,14878493000,-164822000,-111655000,26.62796167178738,0.047589022427603954,0.0031256785365861095,0.03522059870960484,2.1485442318242916
2025-03-31,2025-05-09,KKR,-185924000,-0.22,888247000,3054695000,1495137000,27469987000,50791272000,32804371000,17986901000,2528880000,2549726000,30.92606786175467,-0.006768259482612788,-0.0004992951702806293,0.02202056524447603,1.848973281276034
2025-06-30,2025-08-08,KKR,510123000,0.53,890716083,5002879000,2306989000,28219229000,52484127000,34659907000,17824220000,371395000,438756000,31.6815083263743,0.01807714165401188,0.0013393710469544226,0.03250609805960469,1.8598710475045226
