date,filingDate,symbol,netIncome,eps,weightedAverageShsOut,revenue,ebitda,totalStockholdersEquity,totalDebt,netDebt,cashAndCashEquivalents,freeCashFlow,operatingCashFlow,bookValuePerShare,ROE,ROA,ROIC,debtToEquity
2015-09-30,2015-10-22,KLAC,104897000,0.67,156820000,642644000,187629000,294441000,3151046000,2387349000,763697000,186441000,193782000,1.8775730136462185,0.3562581298120846,0.02294674867647725,0.048016303179022175,10.70179085113826
2015-12-31,2016-01-28,KLAC,152207000,0.98,155252000,710245000,232390000,365625000,3131676000,2245085000,886591000,92386000,100324000,2.355042125061191,0.41629264957264955,0.03328736301852197,0.06790042812793703,8.565267692307692
2016-03-31,2016-04-26,KLAC,175777000,1.13,155690000,712433000,250618000,476572000,3097306000,2171332000,925974000,102543000,111497000,3.061031537028711,0.3688361884458172,0.03675726699263211,0.07615292870542967,6.499135492643294
2016-06-30,2016-08-05,KLAC,271541000,1.74,155712000,919171000,365540000,689114000,3057936000,1949448000,1108488000,346585000,354093000,4.425567714755446,0.39404365605690783,0.054719339227217625,0.11258978586494359,4.437489297852024
2016-09-30,2016-10-20,KLAC,178101000,1.14,156129000,750673000,267563000,781509000,3018567000,2052242000,966325000,159894000,169777000,5.005533885440886,0.22789372867107097,0.03564801971458526,0.07048512097386837,3.8624852688836597
2016-12-31,2017-01-27,KLAC,238251000,1.52,156335000,876885000,348826000,965096000,2979197000,2042164000,937033000,213784000,222413000,6.173256148655131,0.2468676691230717,0.04676672052913991,0.08713218163326343,3.086943682286529
2017-03-31,2017-04-28,KLAC,253562000,1.62,156749000,913809000,358311000,1147312000,2954827000,1999020000,955807000,215424000,224838000,7.319421495511933,0.22100527145188056,0.047622240440083424,0.08828433377402696,2.5754345810032495
2017-06-30,2017-08-04,KLAC,256162000,1.64,156668000,938647000,363322000,1326417000,2930457000,1777406000,1153051000,451969000,462637000,8.466419434728214,0.19312327872757964,0.04630404725231839,0.09031316941922339,2.2093029567624662
2017-09-30,2017-10-27,KLAC,280936000,1.79,156826000,969581000,376969000,1463956000,2774838000,1454141000,1320697000,357873000,373629000,9.334906201777766,0.19190194240810515,0.04937018465140751,0.10503064703841003,1.8954381142602648
2017-12-31,2018-01-26,KLAC,-134319000,-0.86,156184883,975822000,382327000,1225625000,2486426000,1413032000,1073394000,116002000,129371000,7.847270340497678,-0.10959224885262621,-0.02484045547585213,-0.05491618075963666,2.0287004589495155
2018-03-31,2018-04-27,KLAC,306881000,1.96,156221000,1021294000,402087000,1370143000,2461914000,1206232000,1255682000,337613000,352607000,8.770543012783172,0.2239773512691741,0.05481795525120289,0.12826514322618057,1.796829965923265
2018-06-30,2018-08-06,KLAC,348767000,2.24,155740000,1070004000,436521000,1620511000,2237402000,833020000,1404382000,350671000,373513000,10.405233080775652,0.21522038418745693,0.06206529716216591,0.1520486526808876,1.3806768358869517
2018-09-30,2018-10-31,KLAC,395944000,2.55,155221000,1093260000,459992000,1567369000,2237890000,588376000,1649514000,359075000,381405000,10.097660754665927,0.252616965117978,0.0701393011188978,0.19499347114989007,1.4278003456748218
2018-12-31,2019-01-29,KLAC,369100000,2.43,152148000,1119898000,449079000,1597622000,2238378000,444396000,1793982000,255806000,282172000,10.500446933249204,0.23103086962998756,0.06584854620289737,0.1922843922548414,1.4010685881891962
2019-03-31,2019-05-08,KLAC,192728000,1.23,156349000,1097311000,316740000,2849093000,3422646000,2330483000,1092163000,137638000,163594000,18.2226493293849,0.06764538749700343,0.020976957542253937,0.042432569581998515,1.201310732924478
2019-06-30,2019-08-16,KLAC,217845000,1.36,160546000,1258435000,396786000,2659108000,3423382000,2407388000,1015994000,269615000,325461000,16.56290408979358,0.08192408882978804,0.024182118342244163,0.05040877721506679,1.2874174347187102
2019-09-30,2019-10-31,KLAC,346525000,2.18,158697000,1413414000,508836000,2661163000,3528537000,2540189000,988348000,463679000,496245000,16.7688299085679,0.13021562377050935,0.03754578169174396,0.07383036961386498,1.3259379451766014
2019-12-31,2020-02-05,KLAC,380555000,2.42,157290000,1509453000,551365000,2669764000,3502434000,2562570000,939864000,352857000,387731000,16.973513891537923,0.14254256181445252,0.04113787899752668,0.07960634693503216,1.3118889909370266
2020-03-31,2020-05-06,KLAC,78452000,0.5,156067000,1423964000,236261000,2307433000,3539981000,2593806000,946175000,398583000,442028000,14.784887259958865,0.033999687098173595,0.008868695332302503,0.02133643182450301,1.5341641555789485
2020-06-30,2020-08-07,KLAC,411253000,2.65,155106000,1459593000,524227000,2665424000,3569549000,2335140000,1234409000,411056000,452846000,17.18453186852862,0.1542917749671347,0.04431624705278902,0.09020120477278475,1.339204944504139
2020-09-30,2020-10-30,KLAC,420567000,2.71,155281000,1538620000,603258000,2747184000,3519252000,2303432000,1215820000,456246000,512171000,17.691694412065868,0.1530902189296385,0.045124749787985016,0.08995837316232896,1.2810397847395734
2020-12-31,2021-02-04,KLAC,457251000,2.96,154273000,1650870000,650260000,2935182000,3567128000,2135662000,1431466000,501937000,561081000,19.025895652512105,0.1557828441302788,0.04658864855414012,0.0967633240921609,1.2153004481493823
2021-03-31,2021-04-30,KLAC,567496000,3.69,153801000,1803773000,763581000,3114856000,3544239000,2092089000,1452150000,584967000,646150000,20.252508111130616,0.1821901237167946,0.057096518446078375,0.11557480475425978,1.1378500322326297
2021-06-30,2021-08-06,KLAC,632978000,4.14,152971000,1925471000,833181000,3377554000,3545828000,2111218000,1434610000,410248000,465624000,22.07970138130757,0.1874072183597953,0.06162694560011154,0.1218404883608475,1.0498212611848692
2021-09-30,2021-10-28,KLAC,1068417000,7.01,152330000,2083838000,889484000,3860930000,3542322000,2032758000,1509564000,794842000,863797000,25.34582813628307,0.2767252967549269,0.09585243839824906,0.19035648324439525,0.9174789493723015
2021-12-31,2022-01-28,KLAC,717444000,4.74,151251000,2352630000,1050023000,4048527000,3539126000,1882069000,1657057000,745897000,810798000,26.766943689628498,0.177211119006987,0.06142375364472485,0.12608309865276668,0.8741762127311983
2022-03-31,2022-04-29,KLAC,730572000,4.87,150145000,2288676000,978390000,4080307000,3793010000,2377838000,1415172000,718574000,818878000,27.175776749142496,0.17904829219958204,0.060790766239312115,0.11848231090782342,0.929589366682458
2022-06-30,2022-08-05,KLAC,805374000,5.43,148226000,2486739000,1094574000,1401351000,6774305000,5189397000,1584908000,746069000,819229000,9.454151093600313,0.5747125452509757,0.06393334713546496,0.12788829644985095,4.834124355711024
2022-09-30,2022-10-28,KLAC,1025991000,7.23,141829000,2724424000,1246361000,2102074000,6423239000,4603959000,1819280000,927193000,1011545000,14.821186076190342,0.48808510071481787,0.07817877218932656,0.16364420200106733,3.0556674027650788
2022-12-31,2023-01-27,KLAC,978795000,6.93,141299000,2983887000,1320761000,2603260000,6226356000,4654879000,1571477000,594648000,688290000,18.42376803799036,0.3759881840461575,0.07129359197859958,0.14361881641114066,2.3917534168696175
2023-03-31,2023-04-28,KLAC,697837000,5.06,137865000,2432608000,980311000,2682781000,6061073000,4492560000,1568513000,925941000,1010855000,19.459478475320058,0.26011702036058854,0.05099824614213754,0.10633730736795867,2.259250009598249
2023-06-30,2023-08-04,KLAC,684654000,5.0,136873000,2355137000,953810000,2919753000,6063132000,4135267000,1927865000,880432000,959115000,21.331840465248806,0.2344903832618718,0.048652404142390644,0.10624142665025943,2.0765907253113536
2023-09-30,2023-10-27,KLAC,741375000,5.43,136412000,2396956000,1028348000,2990217000,6065927000,4354357000,1711570000,815695000,883740000,21.92048353517286,0.24793351117995785,0.052442762849210796,0.10973982435547149,2.0285909015967736
2023-12-31,2024-01-26,KLAC,582534000,4.3,135539000,2486726000,864535000,3043711000,6084205000,4419151000,1665054000,545441000,622242000,22.456348357299376,0.19138939275115147,0.040792266321748795,0.08643655854286768,1.9989430665394974
2024-03-31,2024-04-26,KLAC,601541000,4.46,134954000,2355391000,881252000,3094885000,6823686000,4975519000,1848167000,838185000,909978000,22.932888243401454,0.19436618808130188,0.040217247925075195,0.08312898827402988,2.204826996802789
2024-06-30,2024-08-05,KLAC,836446000,6.22,134462000,2566232000,1128880000,3368328000,6819643000,4842514000,1977129000,831870000,892615000,25.05040829379304,0.2483267662769184,0.05419654796564838,0.11090219767166375,2.0246374462344523
2024-09-30,2024-10-31,KLAC,945851000,7.05,134134000,2841541000,1257628000,3559714000,6826095000,4848893000,1977202000,934845000,995238000,26.53849135938688,0.2657098294975383,0.06031544847359702,0.12105488688186519,1.917596469828756
2024-12-31,2025-01-31,KLAC,824527000,6.18,133327000,3076851000,1242152000,3584549000,6072613000,4234335000,1838278000,757192000,849515000,26.885394556241422,0.2300225216617209,0.05496225226801023,0.1302503865822676,1.6941079616989474
2025-03-31,2025-05-01,KLAC,1088416000,8.21,132607000,3063029000,1300392000,4004739000,6089173000,4231151000,1858022000,987174000,1072159000,30.200057312208255,0.2717820062680739,0.0716614432405139,0.13966888831038882,1.5204918472839304
2025-06-30,2025-08-08,KLAC,1202849000,9.11,132032000,3174741000,1498176000,4692453000,6088282000,4009374000,2078908000,1064583000,1164991000,35.540270540475035,0.25633693081209336,0.07486025265488527,0.14583636960472926,1.297462542512413
