date,filingDate,symbol,netIncome,eps,weightedAverageShsOut,revenue,ebitda,totalStockholdersEquity,totalDebt,netDebt,cashAndCashEquivalents,freeCashFlow,operatingCashFlow,bookValuePerShare,ROE,ROA,ROIC,debtToEquity
2015-11-30,2016-01-07,KMX,128199000,0.64,201291000,3544069000,286294000,2911755000,10606483000,10573137000,33346000,-391943000,-296835000,14.465400837593336,0.04402808615422658,0.00891436820313236,0.011473588648768572,3.64264266739475
2016-02-29,2016-04-22,KMX,141027000,0.72,195764000,3705805000,182926000,2904786000,10657832000,10620438000,37394000,157937000,232686000,14.838203142559408,0.048549875963323975,0.009738373779207457,0.006733689861852359,3.6690592697706474
2016-05-31,2016-07-07,KMX,175360000,0.91,193531000,4126386000,334582000,2972285000,10844767000,10792192000,52575000,-12099000,87607000,15.358185510331678,0.0589983800342161,0.011856718427345855,0.013239740484454048,3.6486295896927783
2016-08-31,2016-10-06,KMX,162362000,0.85,191539000,3997248000,317852000,3062345000,11481808000,11165777000,316031000,-242329000,-125205000,15.988101639874907,0.0530188466681579,0.01047204097538675,0.011998575013218327,3.749351559017681
2016-11-30,2017-01-06,KMX,136645000,0.72,189200000,3701524000,278400000,3015384000,11808831000,11785118000,23713000,-404241000,-303285000,15.93754756871036,0.04531595312570472,0.008670331160394179,0.009909063771208435,3.9161947533050516
2017-02-28,2017-04-21,KMX,152603000,0.82,187020000,4049960000,301889000,3108580000,12169704000,12131288000,38416000,-227613000,-125012000,16.62164474387766,0.049090903241994735,0.009374019463669201,0.010729550564374581,3.914875602365067
2017-05-31,2017-07-07,KMX,211702000,1.14,185200000,4542334000,398785000,3152128000,12275167000,12215087000,60080000,112077000,191493000,17.02012958963283,0.06716161272638675,0.012849356406278366,0.014462387208314763,3.894247632075855
2017-08-31,2017-10-05,KMX,181424000,0.99,182868000,4386640000,351063000,3200986000,12600694000,12574929000,25765000,-186090000,-110396000,17.504352866548547,0.056677536234147854,0.010750584878298323,0.012159677481103604,3.936503939723573
2017-11-30,2018-01-04,KMX,148840000,0.82,181888000,4107017000,287423000,3300727000,13009634000,12983347000,26287000,-346668000,-274219000,18.14703004046446,0.0450930961573011,0.008601770725707655,0.009835313814904873,3.9414450210514227
2018-02-28,2018-04-24,KMX,122146000,0.68,180630000,4084218000,275754000,3316849000,13118366000,13073841000,44525000,43315000,112572000,18.36266954547971,0.0368259151984308,0.006985251058659044,0.008121182077933274,3.955068801745271
2018-05-31,2018-07-05,KMX,238656000,1.34,178139000,4792592000,383079000,3383761000,13254393000,13178045000,76348000,151129000,230849000,18.995060037386533,0.0705298039666513,0.013440738645902575,0.015267139644215152,3.91705944952968
2018-08-31,2018-10-05,KMX,220890000,1.25,176284000,4766035000,351717000,3482118000,13589033000,13551886000,37147000,-211355000,-119964000,19.752887386263076,0.06343552975516625,0.012152501264682071,0.013740938654247544,3.9025193861896694
2018-11-30,2019-01-08,KMX,190311000,1.09,173816000,4295871000,314740000,3435113000,13878993000,13843944000,35049000,-68455000,3745000,19.762927463524647,0.05540167092028705,0.010344781476268824,0.011975504681807012,4.040330842100391
2019-02-28,2019-04-19,KMX,192556000,1.14,169500000,4318602000,320754000,3357028000,14204664000,14157726000,46938000,-12984000,48341000,19.805474926253687,0.05735906879537496,0.01028728326790654,0.01177979211741226,4.231321275842799
2019-05-31,2019-07-03,KMX,266744000,1.6,166324000,5366318000,420547000,3452755000,14948666000,14906469000,42197000,-35769000,43201000,20.759210937687886,0.07725540908636726,0.01353036215621455,0.015249910177687623,4.329489349809066
2019-08-31,2019-10-04,KMX,233599000,1.41,165354000,5201151000,378715000,3611557000,15298074000,15257337000,40737000,-261034000,-168657000,21.84136458749108,0.0646809672393375,0.011598612410747153,0.013239765959778906,4.235866691291318
2019-11-30,2020-01-07,KMX,173156000,1.05,164273000,4790028000,394560000,3698053000,15488191000,15431608000,56583000,-70280000,7550000,22.51163003049801,0.04682355823456289,0.008451899061024844,0.0135164357710054,4.188201467096334
2020-02-29,2020-04-21,KMX,214934000,1.32,163371000,4962490000,357621000,3768875000,15849163000,15790952000,58211000,-201419000,-118700000,23.06942480611614,0.05702868893237372,0.01019505476235809,0.011918167704489419,4.205276906238599
2020-05-31,2020-07-01,KMX,4978000,0.03,162673000,3228782000,171062000,3578310000,15322271000,14664249000,658022000,1186688000,1249559000,21.996950938385595,0.0013911595138487163,0.0002492423093877131,0.007386982967821475,4.281985350626413
2020-08-31,2020-10-05,KMX,296696000,1.82,163434000,5372166000,469757000,3982560000,15733189000,15021628000,711561000,-388910000,-359783000,24.36800176217923,0.07449881483267044,0.013964592244882475,0.016447899909229593,3.9505215238439595
2020-11-30,2021-01-06,KMX,235300000,1.44,163732000,5184944000,390606000,4128476000,15388930000,15152287000,236643000,-53344000,-21390000,25.214838883052792,0.056994396963915984,0.011240706472430317,0.012933937544333881,3.727508649680899
2021-02-28,2021-04-20,KMX,209945000,1.29,162893000,5164257000,415299000,4364613000,15527069000,15394750000,132319000,-241210000,-200626000,26.79435580411681,0.04810163008724943,0.009746052986645663,0.014327739646488412,3.5574904350053487
2021-05-31,2021-06-28,KMX,436756000,2.68,163151000,7697599000,716014000,4703481000,16145207000,15767253000,377954000,-171028000,-111883000,28.82900503214813,0.09285803429417488,0.019128372235331235,0.024582434426369364,3.4326081045081294
2021-08-31,2021-10-01,KMX,285267000,1.75,162966000,7988359000,463386000,4915179000,17735331000,17677236000,58095000,-1352131000,-1273438000,30.160763594860278,0.05803796769151236,0.011665776944335007,0.015476318194794864,3.608277745327281
2021-11-30,2022-01-06,KMX,269438000,1.66,162006000,8527759000,505383000,5109796000,18577871000,18515273000,62598000,-786389000,-697324000,31.540782440156537,0.05272969801534151,0.010535119953420536,0.013900709206150727,3.6357363385935564
2022-02-28,2022-04-14,KMX,159836000,0.98,161510000,7686695000,300464000,5235439000,19274757000,19172041000,102716000,-548436000,-466805000,32.41557179122036,0.03052962702841156,0.006068585234015423,0.007451089780872167,3.6815932723120257
2022-05-31,2022-06-27,KMX,252265000,1.57,160298000,9311621000,437949000,5400637000,18984643000,18889330000,95313000,436144000,530952000,33.691231331644815,0.046710230663530986,0.00957773380866948,0.011338154298067839,3.5152599591492635
2022-08-31,2022-09-30,KMX,125905000,0.79,158801000,8144803000,330250000,5414227000,19279839000,19223067000,56772000,-161018000,-51363000,34.09441376313751,0.02325447381500628,0.0047564192393031,0.008014919305582721,3.5609587481278493
2022-11-30,2023-01-06,KMX,37580000,0.24,158003000,6505956000,233695000,5487573000,18787858000,18099240000,688618000,1067465000,1182488000,34.73081523768536,0.00684820047040832,0.0014487869801623743,0.005384166913407955,3.4237098987111425
2023-02-28,2023-04-13,KMX,69012000,0.44,158032000,5722493000,173931000,5613077000,18931720000,18616962000,314758000,-481969000,-378745000,35.51861015490534,0.012294860733248448,0.002635782601176592,0.0038383868845914327,3.3727882229301325
2023-05-31,2023-06-26,KMX,228298000,1.44,158116000,7687063000,543304000,5823168000,19247402000,18983155000,264247000,-322004000,-185285000,36.82845505831162,0.0392051199621924,0.00846728676084538,0.014387322147851087,3.3053145641685076
2023-08-31,2023-09-29,KMX,118635000,0.75,158479000,7073836000,405844000,6005659000,19476341000,18955243000,521098000,50717000,124165000,37.89561392992132,0.019753868809401266,0.004345578767832175,0.010265315870410243,3.242998145582358
2023-11-30,2024-01-05,KMX,82003000,0.52,158446000,6148538000,207494000,6044365000,19488530000,18883155000,605375000,64824000,210099000,38.14779167665956,0.01356685110842909,0.003017784033930428,0.004193585642038959,3.224247708402785
2024-02-29,2024-04-15,KMX,50268000,0.32,157821000,5626603000,180217000,6073740000,19530112000,18449322000,1080790000,199773000,309638000,38.48499249149353,0.008276284463938199,0.001826286935007466,0.00303338892236504,3.215500169582498
2024-05-31,2024-06-27,KMX,152440000,0.97,157161000,7113397000,307662000,6166870000,19544117000,18788779000,755338000,-221603000,-117689000,39.2391878392222,0.024719184934983224,0.005595751927146276,0.007047818621244781,3.1692117719361685
2024-08-31,2024-09-27,KMX,132809000,0.85,155866000,7013529000,471285000,6179609000,19208136000,18683469000,524667000,509894000,619103000,39.646933904764346,0.021491489186451763,0.0048655438719587005,0.011971058548568192,3.1083092797618748
2024-11-30,2025-01-07,KMX,125441000,0.8,155265000,6223371000,460458000,6211210000,17626159000,17354249000,271910000,-150551000,-23352000,40.003928766946835,0.020195903857702445,0.0045953922035601846,0.01231358884100817,2.8377979491918643
2025-02-28,2025-04-11,KMX,89866000,0.58,153667000,6003123000,220013000,6242988000,19221977000,18975017000,246960000,18760000,146377000,40.626731829215124,0.014394709712720897,0.0032792776408117792,0.010128850541556706,3.0789706787839415
2025-05-31,2025-06-26,KMX,210381000,1.38,152137000,7546541000,587484000,6286909000,17918972000,17656153000,262819000,162807000,299543000,41.323997449667075,0.033463344228459486,0.007681950223112526,0.01575607717749767,2.8502038123981115
2025-08-31,2025-09-25,KMX,95378000,0.65,150714000,6594684000,11290000,6200522000,17767288000,17226914000,540374000,654026000,785494000,41.14098225778627,0.015382253300609206,0.0035221290206030775,0.0,2.8654503604696506
