date,filingDate,symbol,netIncome,eps,weightedAverageShsOut,revenue,ebitda,totalStockholdersEquity,totalDebt,netDebt,cashAndCashEquivalents,freeCashFlow,operatingCashFlow,bookValuePerShare,ROE,ROA,ROIC,debtToEquity
2015-11-30,2016-01-22,LEN,281603000,1.31,212564940,2945567000,447474000,5648944000,6655158000,5496713000,1158445000,638337000,668768000,26.575144518188182,0.049850556139342146,0.019837919723218883,0.01157138731665652,1.1781242653494175
2016-02-29,2016-04-06,LEN,144080000,0.67,214497840,1993664000,188916000,5820114000,6568453000,5847994000,720459000,-234340000,-215887000,27.133671835576525,0.024755528843593097,0.009703793847991362,0.018885437590840014,1.1285780656530096
2016-05-31,2016-07-01,LEN,218469000,0.99,217873020,2745815000,335128000,6118366000,6713600000,5898123000,815477000,19742000,40505000,28.082256352805867,0.03570708257727635,0.014565842951931899,0.01852309010382894,1.0972864323579203
2016-08-31,2016-10-04,LEN,235842000,1.02,228019980,2833894000,337227000,6545535000,6410336000,5594241000,816095000,156671000,172302000,28.70597129251568,0.03603097378594721,0.015352516742687583,0.025646833310052092,0.9793448511084274
2016-11-30,2017-01-20,LEN,313453000,1.34,230764800,3376626000,477116000,7026042000,6275540000,4946011000,1329529000,489292000,510884000,30.446766577918297,0.04461302679374817,0.019313050993545147,0.009397911767183924,0.8931828190039285
2017-02-28,2017-04-10,LEN,38080000,0.55,236837880,2337428000,199970000,7106053000,6964623000,6035563000,929060000,53539000,79324000,30.003870157932507,0.005358811706020206,0.002272821548592453,0.016438134706551116,0.9800972494857553
2017-05-31,2017-06-30,LEN,213645000,0.89,236861340,3261892000,350900000,7322571000,7342157000,6358189000,983968000,-260341000,-239083000,30.915011288883193,0.02917622785767458,0.012612332227408889,0.018129517773797257,1.0026747436112262
2017-08-31,2017-10-10,LEN,249165000,1.04,237326460,3261476000,392582000,7554260000,6860644000,6022918000,837726000,467408000,487472000,31.830669028645183,0.03298337626716581,0.013292320515396238,0.014253352382363946,0.9081821382901832
2017-11-30,2018-01-25,LEN,309590000,1.29,237562000,3785569000,319647000,7872317000,7972515000,5321643000,2650872000,624485000,669151000,33.13794714642914,0.0393264143199518,0.011078934482697785,0.008271665101858264,1.0127278919281324
2018-02-28,2018-04-09,LEN,136215000,0.53,253665000,2980791000,234487000,13060930000,11593659000,10564074000,1029585000,-183538000,-142728000,51.48889283109613,0.01042919608328044,0.004804573958641265,0.013817786674831302,0.887659531135991
2018-05-31,2018-07-06,LEN,310257000,0.95,325259000,5459061000,427064000,13591311000,11300243000,10146389000,1153854000,159000000,177125000,41.786118139697905,0.022827599191866037,0.010967254690317696,0.020284930631437128,0.8314314196768803
2018-08-31,2018-10-09,LEN,453211000,1.37,327214000,5672569000,608021000,14032016000,10614005000,9565589000,1048416000,691716000,714274000,42.88329961431968,0.03229835256744291,0.01586529890012249,0.025696205556178808,0.7564134048877937
2018-11-30,2019-01-28,LEN,796148000,2.42,325735000,6459210000,811860000,14581535000,10117058000,8558600000,1558458000,913992000,962938000,44.76502371559703,0.05459973864205655,0.02769217562507813,0.01046474768440234,0.6938266787412986
2019-02-28,2019-04-08,LEN,239910000,0.74,321339000,3868082000,341127000,14786814000,10381632000,9343730000,1037902000,-551818000,-524423000,46.01624452680814,0.01622459036814827,0.008109707635422753,0.018606194835215115,0.7020871433156595
2019-05-31,2019-07-03,LEN,421472000,1.31,320329000,5562890000,622233000,15159304000,10659798000,9666257000,993541000,74162000,94533000,47.32416983788542,0.027802859550807874,0.01430685375730237,0.02045320766059073,0.7031851858106415
2019-08-31,2019-10-08,LEN,513366000,1.6,318103000,5857058000,683568000,15371938000,10282365000,9236903000,1045462000,706392000,728183000,48.32377563242095,0.03339630956096752,0.017485509210286233,0.027328197486154934,0.6689049227234718
2019-11-30,2020-01-27,LEN,674304000,2.13,313904000,6971531000,918828000,15949517000,9573696000,8127700000,1445996000,1167110000,1184050000,50.81017444823895,0.0422773931022488,0.023113421441689652,0.016276032978771518,0.6002499009844624
2020-02-29,2020-04-07,LEN,398452000,1.27,311213000,4505337000,444679000,16044599000,9120828000,8068346000,1052482000,365067000,382976000,51.55504108118877,0.024834026702692913,0.013594856874290427,0.020977111337611633,0.5684671832558732
2020-05-31,2020-07-06,LEN,517406000,1.66,308373000,5287373000,687153000,16542703000,8937382000,7295461000,1641921000,920005000,927827000,53.64510835903273,0.03127699264140812,0.017649700489011107,0.029033794843823974,0.540261286199722
2020-08-31,2020-10-01,LEN,666418000,2.13,308889000,5870254000,912568000,17172103000,8138594000,5929463000,2209131000,1568916000,1586041000,55.593119211108196,0.038808176261230204,0.02226203639951753,0.03853302011331324,0.4739427663577373
2020-11-30,2021-01-22,LEN,882760000,2.82,309151000,6825890000,1189466000,17994856000,7421583000,4558545000,2863038000,1264079000,1293975000,58.20733557387814,0.049056241405877325,0.028893708361945773,0.029339374526712213,0.41242802943241114
2021-02-28,2021-04-01,LEN,1001369000,3.2,309020000,5325468000,885813000,18896246000,6941144000,4372345000,2568799000,376263000,385508000,61.14894181606368,0.05299301247454124,0.03207128462410372,0.03796257268704415,0.3673292568269909
2021-05-31,2021-07-02,LEN,831363000,2.66,308893000,6430245000,1180341000,19576108000,6824433000,4086853000,2737580000,317495000,332612000,63.37504572780866,0.0424682475188633,0.02538963400835385,0.04407082467960437,0.34861030599136456
2021-08-31,2021-10-01,LEN,1406888000,4.52,307296000,6941403000,1363756000,20650188000,6650866000,3871725000,2779141000,578630000,594227000,67.19966416744768,0.06812954923219101,0.04236621914299716,0.05463176299154139,0.322072903161947
2021-11-30,2022-01-28,LEN,1190491000,3.91,301238000,8433560000,1794302000,20816425000,6378364000,3456620000,2921744000,1195214000,1220427000,69.10291862248455,0.05718998339051975,0.03647868262209221,0.03388638070067063,0.3064101544813771
2022-02-28,2022-04-01,LEN,503581000,1.7,293930000,6203516000,1112992000,20679064000,5853512000,4281687000,1571825000,-78011000,-72231000,70.35370326268159,0.024352214394229837,0.014679007603348223,0.05642409149703224,0.28306464934776543
2022-05-31,2022-07-01,LEN,1320756000,4.5,289895000,8358696000,1888147000,21598255000,5984387000,4467643000,1516744000,119755000,124841000,74.50371686300213,0.061151051323359226,0.03737296538977767,0.0607013733074448,0.2770773379608677
2022-08-31,2022-10-04,LEN,1467344000,5.04,288109000,8934431000,1978369000,22977278000,5562092000,4058047000,1504045000,482174000,498842000,79.7520313492463,0.0638606539904335,0.03863028127809138,0.052744147132349734,0.24206923030656635
2022-11-30,2023-01-26,LEN,1322444000,4.56,287362000,10174367000,1895213000,24100500000,6199136000,1420416000,4778720000,2684536000,2714216000,83.86808276668452,0.05487205659633618,0.036158872160711106,0.0248444806210042,0.2572202236468123
2023-02-28,2023-04-04,LEN,596534000,2.06,286074000,6490429000,850238000,24418255000,5221801000,978945000,4242856000,972782000,978205000,85.35642875619595,0.02442983743105312,0.016184792062507884,0.03609057389943141,0.2138482459127403
2023-05-31,2023-06-30,LEN,871694000,3.01,284910000,8045151000,1233647000,25015145000,5026210000,738479000,4287731000,634626000,660471000,87.80016496437472,0.03484664989949089,0.023283591258910535,0.04378551578862071,0.20092667861809316
2023-08-31,2023-09-29,LEN,1108996000,3.87,282854000,8729603000,1526378000,25656619000,4477759000,388678000,4089081000,929523000,951865000,90.70622653383018,0.04322455737445374,0.028265979390534858,0.05621768956298363,0.17452646430147323
2023-11-30,2024-04-25,LEN,1361287000,4.82,279438000,10968183000,1939547000,26580664000,4984028000,-1490469000,6474497000,2543008000,2589197000,95.12186603110528,0.05121343093611205,0.03494852623150317,0.02829589882924513,0.1875057748745479
2024-02-29,2024-03-29,LEN,719334000,2.57,276946000,7312930000,945033000,26647835000,4394622000,-819143000,5213765000,294942000,367867000,96.2203281506142,0.02699408788744001,0.018602982801911777,0.03652240465906486,0.16491478576026908
2024-05-31,2024-06-28,LEN,954311000,3.45,273703000,8765592000,1267005000,26877874000,3651609000,-220407000,3872016000,202951000,241759000,98.20087467071973,0.03550544957536448,0.02401327174049197,0.037936070689132725,0.1358592945260477
2024-08-31,2024-10-02,LEN,1162674000,4.26,270164000,9416042000,1336947000,27412520000,3808672000,-443990000,4252662000,800843000,819248000,101.46622051790764,0.04241397726294409,0.028143203431402985,0.03877440566701449,0.13893914167686883
2024-11-30,2025-01-23,LEN,1096214000,4.06,267262000,9946888000,1416516000,27870135000,4189239000,-720425000,4909664000,933140000,974505000,104.28020070193294,0.03933292752259722,0.031332840928296586,0.01990446825619844,0.15031283486786123
2025-02-28,2025-04-04,LEN,519526000,1.98,262733000,7631545000,713673000,22728038000,3608397000,1091625000,2516772000,-345085000,-289042000,86.50621733851477,0.02285837431282014,0.015113683246900192,0.020438839509634935,0.15876412209448085
2025-05-31,2025-06-17,LEN,477449000,1.81,261510000,8377502000,682402000,22579080000,4208125000,2800431000,1407694000,-1110238000,-1095022000,86.34117242170471,0.021145635694634148,0.013688958963457069,0.039249588148917,0.18637273972190185
