date,filingDate,symbol,netIncome,eps,weightedAverageShsOut,revenue,ebitda,totalStockholdersEquity,totalDebt,netDebt,cashAndCashEquivalents,freeCashFlow,operatingCashFlow,bookValuePerShare,ROE,ROA,ROIC,debtToEquity
2015-10-02,2015-11-06,LHX,148000000,1.2,123500000,1811000000,358000000,3462000000,5081000000,4761000000,320000000,40000000,64000000,28.032388663967613,0.04274985557481225,0.01177968799745304,0.021997919115759317,1.4676487579433852
2016-01-01,2016-02-03,LHX,-152000000,-1.23,123800000,1748000000,414000000,3251000000,5026000000,4515000000,511000000,298000000,323000000,26.260096930533116,-0.04675484466318056,-0.012565098784822683,0.029504861160578117,1.5459858505075361
2016-04-01,2016-05-04,LHX,168000000,1.35,124000000,1909000000,369000000,3366000000,4793000000,4491000000,302000000,85000000,120000000,27.14516129032258,0.049910873440285206,0.01411764705882353,0.026280280373670306,1.4239453357100416
2016-07-01,2016-08-29,LHX,160000000,1.29,124100000,1904000000,386000000,3056000000,4517000000,4030000000,487000000,349000000,417000000,24.625302175664785,0.05235602094240838,0.013323340827712549,0.027001599397873742,1.4780759162303665
2016-09-30,2016-11-02,LHX,160000000,1.29,123900000,1754000000,355000000,3053000000,4486000000,4202000000,284000000,22000000,43000000,24.6408393866021,0.05240746806419915,0.01358464934623875,0.0264841980899872,1.4693743858499837
2016-12-30,2017-02-03,LHX,177000000,1.42,123700000,1449000000,348000000,3157000000,4400000000,4039000000,361000000,224000000,252000000,25.521422797089734,0.056065885334178014,0.01523498020313307,0.02689259990775017,1.3937282229965158
2017-03-31,2017-05-03,LHX,85000000,0.7,122600000,1489000000,311000000,2914000000,4213000000,3911000000,302000000,164000000,194000000,23.768352365415986,0.02916952642415923,0.007652831547672639,0.028360766558191454,1.4457789979409745
2017-06-30,2017-08-29,LHX,131000000,1.09,120300000,1542000000,357000000,2928000000,4030000000,3546000000,484000000,40000000,80000000,24.33915211970075,0.044740437158469946,0.012983151635282459,0.03024326101249178,1.3763661202185793
2017-09-29,2017-10-31,LHX,159000000,1.33,119100000,1413000000,337000000,2987000000,3997000000,3609000000,388000000,72000000,95000000,25.079764903442484,0.053230666220287916,0.015744133082483413,0.029842647856755288,1.3381319049213258
2017-12-29,2018-01-31,LHX,131000000,1.17,118500000,1535000000,331000000,2994000000,3919000000,3497000000,422000000,258000000,278000000,25.265822784810126,0.043754175016700064,0.013291396103896104,0.023859360824389324,1.3089512358049433
2018-03-30,2018-05-03,LHX,196000000,1.7,118400000,1568000000,318000000,3137000000,4219000000,3776000000,443000000,-179000000,-143000000,26.49493243243243,0.06248007650621613,0.019463753723932473,0.03525131024046112,1.3449155243863564
2018-06-29,2018-08-27,LHX,217000000,1.83,118500000,1666000000,365000000,3278000000,3790000000,3502000000,288000000,464000000,521000000,27.662447257383967,0.06619890176937157,0.022028220485229927,0.03699890702676022,1.1561928004881026
2018-09-28,2018-10-26,LHX,213000000,1.81,117900000,1542000000,366000000,3244000000,4009000000,3704000000,305000000,86000000,117000000,27.51484308736217,0.0656596794081381,0.02153908383051876,0.03641055623878551,1.2358199753390875
2018-12-28,2019-01-30,LHX,225000000,1.91,117700000,1666000000,378000000,3412000000,3819000000,3476000000,343000000,316000000,352000000,28.988954970263382,0.06594372801875732,0.022838002436053592,0.037848592771642,1.119284876905041
2019-03-29,2019-05-02,LHX,243000000,2.06,117900000,7398000000,1089000000,3607000000,3521000000,3187000000,334000000,368000000,405000000,30.593723494486852,0.06736900471305794,0.024816176470588234,0.08872201724448199,0.976157471583033
2019-06-28,2019-08-22,LHX,268000000,2.26,118300000,1865000000,401000000,3363000000,3522000000,2992000000,530000000,254000000,311000000,28.427726120033814,0.07969075230449003,0.026490066225165563,0.04779518656113713,1.047279214986619
2019-09-27,2019-10-31,LHX,429000000,1.93,222600000,4431000000,711000000,22773000000,7797000000,6796000000,1001000000,-3000000,81000000,102.30458221024259,0.018838097747332368,0.01101496906051814,0.01695149096566121,0.34237913318403373
2019-12-31,2019-12-31,LHX,393000000,1.79,219900000,4832000000,871000000,22587000000,7735000000,6911000000,824000000,769000000,858000000,102.71487039563438,0.01739938902908753,0.010251460767946578,0.018196221328637085,0.342453623765883
2020-04-03,2020-05-07,LHX,217000000,1.0,217300000,4626000000,523000000,21898000000,7921000000,7258000000,663000000,485000000,533000000,100.7731247123792,0.009909580783633208,0.0056947907098805935,0.00874605570037042,0.3617225317380583
2020-07-03,2020-08-04,LHX,283000000,1.31,215900000,4445000000,691000000,22102000000,7714000000,5767000000,1947000000,742000000,802000000,102.37146827234831,0.012804271106687177,0.007476487371869386,0.011994040143596998,0.34901818839923987
2020-10-02,2020-11-02,LHX,426000000,2.0,213400000,4463000000,846000000,21313000000,7666000000,6325000000,1341000000,671000000,757000000,99.87347703842549,0.0199878008727068,0.011468569121012248,0.01758141174886236,0.35968657626800543
2021-01-01,2021-03-01,LHX,193000000,0.92,209400000,4660000000,579000000,20724000000,7687000000,6411000000,1276000000,524000000,698000000,98.96848137535817,0.009312873962555491,0.005221861471861472,0.008647719566808333,0.3709226018143216
2021-04-02,2021-05-03,LHX,468000000,2.26,206700000,4567000000,844000000,20367000000,7817000000,6841000000,976000000,594000000,661000000,98.53410740203194,0.022978347326557666,0.01279037988521454,0.019411357414132576,0.3838071389993617
2021-07-02,2021-08-04,LHX,413000000,2.03,203600000,4668000000,883000000,19863000000,7747000000,5718000000,2029000000,659000000,720000000,97.5589390962672,0.020792428132709057,0.011451863354037268,0.017947907804748232,0.39002164829079194
2021-10-01,2021-10-29,LHX,481000000,2.41,199500000,4229000000,894000000,19484000000,7858000000,6732000000,1126000000,405000000,484000000,97.6641604010025,0.02468692260316157,0.013735793020732195,0.02036032238343361,0.4033052761239992
2021-12-31,2022-02-25,LHX,484000000,2.48,195100000,4350000000,900000000,19213000000,7829000000,6888000000,941000000,687000000,822000000,98.47770374167094,0.025191276739707488,0.013944510069434441,0.02065628366207983,0.4074845156924999
2022-04-01,2022-04-29,LHX,475000000,2.46,193200000,4103000000,839000000,19260000000,7837000000,7435000000,402000000,-16000000,39000000,99.68944099378882,0.02466251298026999,0.013790500522587389,0.02005099059860838,0.4069055036344756
2022-07-01,2022-07-29,LHX,471000000,2.45,192100000,4135000000,978000000,19086000000,7802000000,7382000000,420000000,687000000,749000000,99.35450286309214,0.024677774284816094,0.01379694182435995,0.020023460494973267,0.40878130566907683
2022-09-30,2022-10-31,LHX,-300000000,-1.57,191300000,4246000000,-16000000,18337000000,7777000000,7248000000,529000000,524000000,588000000,95.8546785154208,-0.01636036429077821,-0.008987148377819719,-0.009199193696170057,0.4241151769646071
2022-12-30,2023-02-24,LHX,416000000,2.18,190700000,4578000000,850000000,18523000000,7786000000,6906000000,880000000,711000000,782000000,97.13162034609334,0.022458565027263403,0.012409020403293163,0.018675328732311876,0.42034227716892514
2023-03-31,2023-04-28,LHX,337000000,1.77,190200000,4471000000,725000000,18306000000,9768000000,9223000000,545000000,279000000,350000000,96.24605678233438,0.01840926472194909,0.009491086264680204,0.01568173245917515,0.5335955424451
2023-06-30,2023-07-26,LHX,349000000,1.84,189200000,4693000000,739000000,18428000000,9524000000,9158000000,366000000,321000000,414000000,97.39957716701903,0.018938571738658563,0.00986935128103614,0.016520476726156093,0.5168222270457998
2023-09-29,2023-10-27,LHX,383000000,2.02,189300000,4915000000,869000000,18616000000,14272000000,13773000000,499000000,395000000,543000000,98.34125726360274,0.020573700042973785,0.009055872130139739,0.016482293371206273,0.7666523420713365
2023-12-29,2024-02-20,LHX,158000000,0.83,189600000,5340000000,597000000,18765000000,13950000000,13390000000,560000000,652000000,789000000,98.97151898734177,0.008419930722088995,0.0037901504066015783,0.012735188928626963,0.7434052757793765
2024-03-29,2024-04-26,LHX,283000000,1.49,189800000,5211000000,786000000,18666000000,13708000000,13231000000,477000000,-219000000,-104000000,98.34562697576396,0.015161255759134254,0.0067677444040558634,0.014357636054844636,0.7343833708346726
2024-06-28,2024-07-26,LHX,366000000,1.93,189700000,5299000000,881000000,18840000000,13252000000,12705000000,547000000,657000000,754000000,99.31470743278861,0.019426751592356687,0.008786038360899728,0.016765142185969573,0.7033970276008492
2024-09-27,2024-10-25,LHX,400000000,2.11,189600000,5292000000,920000000,18998000000,12910000000,12371000000,539000000,702000000,780000000,100.20042194092827,0.021054847878724078,0.009549046289001885,0.017850833329008716,0.6795452152858196
2025-01-03,2025-02-14,LHX,453000000,2.38,189700000,5523000000,974000000,19514000000,12980000000,12365000000,615000000,1011000000,1129000000,102.86768581971533,0.023214102695500668,0.010785457489107402,0.019032953983533604,0.6651634723788049
2025-03-28,2025-04-24,LHX,386000000,2.05,188500000,5132000000,910000000,19131000000,12252000000,11735000000,517000000,-101000000,-42000000,101.49071618037135,0.020176676598191418,0.009358029480217222,0.0165924898221238,0.6404265328524384
2025-06-27,2025-07-24,LHX,458000000,2.45,187000000,5426000000,979000000,19278000000,12102000000,11620000000,482000000,552000000,640000000,103.0909090909091,0.0237576512086316,0.011105722599418041,0.01912275751932362,0.6277622159975101
