date,filingDate,symbol,netIncome,eps,weightedAverageShsOut,revenue,ebitda,totalStockholdersEquity,totalDebt,netDebt,cashAndCashEquivalents,freeCashFlow,operatingCashFlow,bookValuePerShare,ROE,ROA,ROIC,debtToEquity
2015-09-27,2015-10-22,LMT,865000000,2.8,308400000,10060000000,1429000000,2813000000,8412000000,5112000000,3300000000,1326000000,1517000000,9.121271076523994,0.30750088873089226,0.021834061135371178,0.10408783383387926,2.990401706363313
2015-12-31,2016-02-24,LMT,933000000,3.05,305900000,12917000000,1605000000,3097000000,15261000000,14171000000,1090000000,925000000,1364000000,10.124223602484472,0.3012592831772683,0.018991206643869076,0.06062760336218008,4.927671940587666
2016-03-27,2016-04-27,LMT,794000000,2.61,304500000,10368000000,1455000000,3177000000,15276000000,13824000000,1452000000,1412000000,1563000000,10.433497536945813,0.2499213094113944,0.015829977271821047,0.04773274567208257,4.808309726156752
2016-06-26,2016-07-20,LMT,1021000000,3.37,303100000,11577000000,1672000000,2997000000,14809000000,13540000000,1269000000,1342000000,1577000000,9.887825800065984,0.340674007340674,0.020254721472782098,0.060637833775343604,4.941274607941275
2016-09-25,2016-10-27,LMT,2395000000,8.02,298500000,11551000000,1884000000,2323000000,14304000000,11409000000,2895000000,1079000000,1320000000,7.782244556113903,1.0309944037882048,0.049139292968669854,0.08830677187959479,6.157554885923375
2016-12-31,2017-02-09,LMT,988000000,3.39,291800000,13752000000,1753000000,1511000000,14282000000,12445000000,1837000000,293000000,729000000,5.178204249485949,0.6538716082064858,0.020666861900179894,0.07807885682834725,9.452018530774321
2017-03-26,2017-04-26,LMT,763000000,2.63,290000000,11057000000,1475000000,1483000000,14276000000,12060000000,2216000000,1496000000,1666000000,5.113793103448276,0.5144976399190829,0.01562372020640511,0.06738039306775331,9.626432906271072
2017-06-25,2017-07-20,LMT,942000000,3.27,288500000,12563000000,1798000000,1265000000,14283000000,11831000000,2452000000,1266000000,1544000000,4.3847487001733105,0.7446640316205534,0.019338547761285952,0.08166243487824777,11.290909090909091
2017-09-24,2017-10-26,LMT,939000000,3.27,287100000,12341000000,1758000000,2098000000,14268000000,11327000000,2941000000,1532000000,1754000000,7.3075583420411006,0.44756911344137273,0.019184407306010707,0.08105519588571225,6.800762631077216
2017-12-31,2018-02-16,LMT,-642000000,-2.25,285900000,15137000000,2181000000,-683000000,14263000000,11402000000,2861000000,1005000000,1512000000,-2.3889471843301853,0.9399707174231332,-0.013800219255819953,-0.07356361309770744,-20.882869692532942
2018-03-25,2018-04-25,LMT,1157000000,4.05,285500000,11635000000,1794000000,-111000000,14223000000,11830000000,2393000000,416000000,632000000,-0.38879159369527144,-10.423423423423424,0.02481022429986705,0.10998071256832793,-128.13513513513513
2018-06-24,2018-07-24,LMT,1163000000,4.08,285000000,13398000000,1872000000,416000000,14229000000,13048000000,1181000000,-336000000,-72000000,1.4596491228070176,2.795673076923077,0.02577285318559557,0.09641542810039082,34.20432692307692
2018-09-30,2018-10-25,LMT,1473000000,5.18,284300000,14318000000,2043000000,943000000,14726000000,13829000000,897000000,22000000,361000000,3.316918747801618,1.56203605514316,0.03237718430596769,0.11092182120614288,15.61611876988335
2018-12-31,2019-02-08,LMT,1253000000,4.43,283100000,14411000000,1958000000,1394000000,14104000000,13332000000,772000000,1758000000,2217000000,4.924055104203462,0.8988522238163558,0.02792138336750156,0.09489877995250441,10.117647058823529
2019-03-31,2019-04-24,LMT,1704000000,6.03,282500000,14336000000,2393000000,2465000000,13921000000,12930000000,991000000,1379000000,1663000000,8.725663716814159,0.6912778904665314,0.03573525710930291,0.12041648750846391,5.647464503042596
2019-06-30,2019-07-23,LMT,1420000000,5.03,282200000,14427000000,2134000000,2850000000,13537000000,12370000000,1167000000,1419000000,1668000000,10.099220411055988,0.4982456140350877,0.02968227424749164,0.10233431165641106,4.749824561403509
2019-09-29,2019-10-24,LMT,1608000000,5.7,282000000,15171000000,2245000000,3893000000,13552000000,11013000000,2539000000,2182000000,2490000000,13.804964539007091,0.4130490624197277,0.03263318112633181,0.11768844067404095,3.481119958900591
2019-12-31,2020-02-07,LMT,1498000000,5.32,281400000,15878000000,2311000000,3127000000,12654000000,11140000000,1514000000,847000000,1490000000,11.11229566453447,0.479053405820275,0.03151826291870056,0.11399569899450376,4.046690118324272
2020-03-29,2020-04-22,LMT,1717000000,6.1,281300000,15651000000,2479000000,3446000000,12689000000,10701000000,1988000000,2021000000,2314000000,12.250266619267686,0.4982588508415554,0.0348643599740091,0.13021702803184437,3.6822402785838655
2020-06-28,2020-07-21,LMT,1626000000,5.81,279800000,16220000000,2418000000,3751000000,12674000000,9819000000,2855000000,1839000000,2182000000,13.406004288777698,0.43348440415889095,0.03278027538656936,0.12892285780605267,3.378832311383631
2020-09-27,2020-10-22,LMT,1698000000,6.08,279300000,16495000000,2520000000,4953000000,12675000000,9090000000,3585000000,1472000000,1880000000,17.73361976369495,0.34282253179890976,0.033442971658164775,0.1336346105943086,2.559055118110236
2020-12-31,2021-01-28,LMT,1792000000,6.41,279700000,17032000000,2699000000,6015000000,12169000000,9009000000,3160000000,1085000000,1807000000,21.505184125849123,0.29792186201163756,0.03533819759416289,0.12740207041999072,2.02310889443059
2021-03-28,2021-04-21,LMT,1837000000,6.58,279000000,16258000000,2687000000,6312000000,12163000000,9230000000,2933000000,1467000000,1748000000,22.623655913978496,0.29103295310519645,0.03571359138363435,0.12567999021748802,1.9269645120405576
2021-06-27,2021-07-26,LMT,1815000000,6.54,277400000,17029000000,2646000000,6522000000,12171000000,9426000000,2745000000,950000000,1268000000,23.511175198269648,0.2782888684452622,0.03483752087372118,0.12125467677786908,1.8661453541858326
2021-09-26,2021-10-26,LMT,614000000,2.22,276200000,16028000000,1149000000,9631000000,11674000000,8947000000,2727000000,1621000000,1937000000,34.869659666908035,0.06375246599522376,0.011843450417607006,0.039912918997258864,1.2121275049319904
2021-12-31,2022-01-25,LMT,2049000000,7.5,273300000,17729000000,3001000000,10959000000,11676000000,8072000000,3604000000,3661000000,4268000000,40.09879253567508,0.18696961401587736,0.04027676763705698,0.11397941089142445,1.0654256775253217
2022-03-27,2022-04-20,LMT,1733000000,6.46,268300000,14964000000,2525000000,10002000000,11645000000,9762000000,1883000000,1142000000,1410000000,37.279165113678715,0.17326534693061388,0.033643952630557174,0.09342821715456358,1.164267146570686
2022-06-26,2022-07-19,LMT,309000000,1.16,265800000,15446000000,814000000,11432000000,11644000000,9869000000,1775000000,1027000000,1331000000,43.00978179082016,0.027029391182645208,0.005970091580045597,0.020704533718007265,1.0185444366689993
2022-09-25,2022-10-18,LMT,1778000000,6.73,264100000,16583000000,2537000000,11966000000,11480000000,9050000000,2430000000,2728000000,3133000000,45.30859522907989,0.14858766505097776,0.0341725927349606,0.09044657188978093,0.959384923951195
2022-12-31,2023-01-26,LMT,1912000000,7.44,257100000,18991000000,2831000000,9266000000,15547000000,13000000000,2547000000,1235000000,1928000000,36.04045118630883,0.20634578027196201,0.03615733736762481,0.09379134064796461,1.677854521908051
2023-03-26,2023-04-18,LMT,1689000000,6.63,254700000,15126000000,2521000000,9646000000,15600000000,13160000000,2440000000,1270000000,1564000000,37.872006281900276,0.17509848641924114,0.03092160667862766,0.08156197083753232,1.6172506738544474
2023-06-25,2023-07-19,LMT,1681000000,6.65,252800000,16693000000,2563000000,9240000000,17545000000,13872000000,3673000000,771000000,1100000000,36.550632911392405,0.18192640692640694,0.029502615044403102,0.08081822807796755,1.8988095238095237
2023-09-24,2023-10-17,LMT,1684000000,6.75,249300000,16878000000,2540000000,9274000000,17389000000,13838000000,3551000000,2527000000,2891000000,37.20016044925792,0.18158291999137374,0.02971799668231391,0.08170458527206592,1.8750269570843217
2023-12-31,2024-01-23,LMT,1866000000,7.61,245200000,18874000000,2820000000,6835000000,17459000000,16017000000,1442000000,1661000000,2365000000,27.875203915171287,0.27300658376005854,0.03557267042854964,0.09132514605996139,2.5543525969275787
2024-03-31,2024-04-23,LMT,1545000000,6.42,240700000,17195000000,2441000000,6650000000,19418000000,16628000000,2790000000,1257000000,1635000000,27.627752388865808,0.23233082706766917,0.02810981933300584,0.07559499409225724,2.92
2024-06-30,2024-07-23,LMT,1641000000,6.87,238900000,18122000000,2568000000,6175000000,19257000000,16734000000,2523000000,1506000000,1876000000,25.847634993721222,0.265748987854251,0.02979519209819159,0.08122864564673926,3.1185425101214577
2024-09-29,2024-10-22,LMT,1623000000,6.83,237500000,17104000000,2564000000,7200000000,19321000000,16170000000,3151000000,2083000000,2438000000,30.31578947368421,0.22541666666666665,0.02923270893371758,0.07871740058710065,2.683472222222222
2024-12-31,2025-01-28,LMT,527000000,2.23,236000000,18622000000,1242000000,6333000000,21418000000,18935000000,2483000000,441000000,1023000000,26.834745762711865,0.08321490604768672,0.009475520074797274,0.031465464783989615,3.3819674719722093
2025-03-30,2025-04-22,LMT,1712000000,7.3,234400000,17963000000,2701000000,6683000000,20304000000,18501000000,1803000000,955000000,1409000000,28.511092150170647,0.25617237767469697,0.030210520743263514,0.07692787761837122,3.0381565165344906
2025-06-29,2025-07-22,LMT,342000000,1.46,233500000,18155000000,1090000000,5334000000,21638000000,20345000000,1293000000,-150000000,201000000,22.843683083511777,0.06411698537682789,0.005809410565653134,0.022069372812821047,4.056617922759655
