date,filingDate,symbol,netIncome,eps,weightedAverageShsOut,revenue,ebitda,totalStockholdersEquity,totalDebt,netDebt,cashAndCashEquivalents,freeCashFlow,operatingCashFlow,bookValuePerShare,ROE,ROA,ROIC,debtToEquity
2015-11-01,2015-12-09,LULU,53153000,0.38,140282000,479693000,87885000,1059959000,0,-403446000,403446000,-49164000,-6221000,7.555915940747922,0.050146279242876374,0.04021992207688041,0.08454644350686326,0.0
2016-01-31,2016-03-30,LULU,117416000,0.85,138076000,704276000,187168000,1027482000,0,-501482000,501482000,237374000,272800000,7.44142356383441,0.11427548122497523,0.08935245042718197,0.22197219266969012,0.0
2016-05-01,2016-06-08,LULU,45336000,0.33,137263000,495516000,76774000,1136225000,0,-550046000,550046000,13383000,40027000,8.277722328668323,0.039900547866839754,0.03234462117996226,0.07799981202267332,0.0
2016-07-31,2016-09-01,LULU,53625000,0.39,136987000,514520000,94457000,1156202000,0,-535350000,535350000,16549000,61166000,8.44023155481907,0.046380303787746435,0.03788411311613344,0.08570345734404163,0.0
2016-10-30,2016-12-07,LULU,68285000,0.5,137033000,544416000,116933000,1204469000,0,-480386000,480386000,-37441000,-2534000,8.789627316047959,0.056693032365299566,0.0461715823495206,0.09367277396119739,0.0
2017-01-29,2017-03-29,LULU,136135000,0.99,137059000,789940000,220685000,1359973000,0,-734846000,734846000,244445000,287788000,9.922537009609,0.1001012520101502,0.08213069842616261,0.21682671779766666,0.0
2017-04-30,2017-06-01,LULU,31246000,0.23,137037000,520307000,80917000,1347687000,0,-698289000,698289000,-479000,19400000,9.834475360669016,0.023184908662026122,0.01941548491487783,0.05997955647334503,0.0
2017-07-30,2017-08-31,LULU,48711000,0.36,136171000,581054000,100304000,1397809000,0,-721212000,721212000,52628000,82638000,10.265100498637743,0.03484810871871622,0.028875651111520798,0.07445245733353109,0.0
2017-10-29,2017-12-06,LULU,58944000,0.44,135364000,619018000,135155000,1421276000,12164000,-650054000,650054000,-27968000,29271000,10.499660175526728,0.041472592234020694,0.03426082377332894,0.09257254181335539,0.008558506581409945
2018-01-28,2018-03-27,LULU,119761000,0.88,135381000,928802000,286385000,1596960000,6427000,-990501000,990501000,307292000,358028000,11.796042280674541,0.07499311191263401,0.05992595383598459,0.19599312128044266,0.004024521591022944
2018-04-29,2018-05-31,LULU,75153000,0.55,135502000,649706000,131078000,1636234000,5523000,-966571000,966571000,1523000,35837000,12.075349441336659,0.04593047204739664,0.03735786310617113,0.10827796034474331,0.0033754340760551362
2018-07-29,2018-08-30,LULU,95770000,0.71,133986000,723500000,162864000,1320215000,100000000,-677841000,777841000,124496000,174189000,9.8533802039019,0.07254121487787973,0.05091015795066547,0.14734091596039456,0.075745238464947
2018-10-28,2018-12-06,LULU,94413000,0.71,132406000,747655000,167589000,1406757000,0,-703607000,703607000,34111000,106850000,10.624571394045587,0.0671139365220859,0.04765899835992834,0.13228195360990536,0.0
2019-02-03,2019-03-27,LULU,218465000,1.66,131878000,1167458000,366789000,1445975000,0,-881320000,881320000,356842000,425903000,10.964489907338601,0.15108490810698663,0.10479390188855914,0.38358861722509463,0.0
2019-05-05,2019-06-12,LULU,96603000,0.74,130694000,782315000,161635000,1366720000,664938000,88697000,576241000,-131237000,-62803000,10.457404318484398,0.07068236361507843,0.039221362392510006,0.06517115998604517,0.48652101381409507
2019-08-04,2019-09-05,LULU,124990000,0.96,130285000,883352000,205581000,1507379000,698493000,74755000,623738000,45515000,112845000,11.56985838738151,0.08291876163857928,0.04638288460796276,0.07814032767963076,0.46338246718310394
2019-11-03,2019-12-11,LULU,125982000,0.97,130282000,916138000,219851000,1648736000,695310000,109157000,586153000,-33389000,45064000,12.655132712116792,0.07641126293111813,0.04412456954885638,0.07089036060609806,0.4217230654270908
2020-02-02,2020-03-26,LULU,298021000,2.29,130311000,1397491000,463976000,1952218000,739961000,-353544000,1093505000,505379000,574210000,14.981221846198709,0.1526576437672432,0.0908225689760995,0.18546953465335272,0.3790360502771719
2020-05-03,2020-06-11,LULU,28632000,0.22,130251000,651962000,78328000,1835787000,783888000,-39118000,823006000,-173344000,-121243000,14.094225764101619,0.015596580649062228,0.00894250896218548,0.016345306802757184,0.42700378638698283
2020-08-02,2020-09-08,LULU,86801000,0.67,130245000,902942000,176517000,2001102000,780587000,257589000,522998000,128683000,181305000,15.36413681907175,0.04337659949367898,0.024842681524785012,0.04208737037148714,0.39007856670974295
2020-11-01,2020-12-10,LULU,143643000,1.1,130318000,1117426000,262484000,2162953000,773468000,291887000,481581000,-40765000,25342000,16.597499961632316,0.06641059699401698,0.03959376171470154,0.06112319964178222,0.3575981540051957
2021-01-31,2021-03-30,LULU,329837000,2.53,130340000,1729550000,517977000,2558566000,798681000,-351836000,1150517000,659536000,717932000,19.629937087617,0.1289147905506444,0.07881004918504785,0.15231008655851755,0.3121596237892632
2021-05-02,2021-06-03,LULU,144956000,1.11,130358000,1226465000,251970000,2639855000,785062000,-394677000,1179739000,149884000,214109000,20.250809309747005,0.054910591680224864,0.03347844292306097,0.06703767860277438,0.2973883035242466
2021-08-01,2021-09-08,LULU,208074000,1.6,130007000,1450618000,352812000,2671166000,794821000,-375220000,1170041000,205394000,285663000,20.54632442868461,0.07789631943503324,0.04723481747738643,0.09313169553623218,0.2975558239360639
2021-10-31,2021-12-09,LULU,187788000,1.45,129684000,1450421000,340037000,2658455000,859905000,-133686000,993591000,35855000,158352000,20.499483359550908,0.0706380209557807,0.04107342792782251,0.08133051254378068,0.32346043096460164
2022-01-30,2022-03-29,LULU,434504000,3.37,129015000,2129113000,654136000,2740046000,881052000,-378819000,1259871000,603473000,730984000,21.23819710886331,0.1585754399743654,0.08791217684732233,0.18441616447976594,0.3215464265928382
2022-05-01,2022-06-02,LULU,189998000,1.48,128077000,1613463000,324817000,2668050000,904543000,255527000,649016000,-354608000,-243256000,20.83160911014468,0.07121230861490602,0.0404491004451151,0.06499368981319542,0.33902775435242966
2022-07-31,2022-09-01,LULU,289521000,2.27,127619000,1868328000,458999000,2857798000,954124000,455293000,498831000,-47080000,97638000,22.393201639254343,0.10130911981882554,0.05883722901019792,0.08513890269738274,0.33386684433259456
2022-10-30,2022-12-08,LULU,255470000,2.0,127511000,1856889000,431615000,3039204000,1038483000,685859000,352624000,-109790000,65817000,23.834837778701445,0.08405819418505635,0.04811622176065405,0.06851703912321641,0.34169572032676976
2023-01-29,2023-03-28,LULU,119811000,0.94,127456000,2771838000,802501000,3148799000,1070334000,-84533000,1154867000,839284000,1046264000,24.704988388149637,0.03804974531559493,0.021367966473564117,0.08877687285212646,0.33991817197604546
2023-04-30,2023-06-01,LULU,290405000,2.28,127246000,2000792000,485530000,3320076000,1099088000,148481000,950607000,-91439000,45503000,26.0917907046194,0.08746938323098628,0.0521228944795195,0.08208400932168958,0.33104302431631083
2023-07-30,2023-08-31,LULU,341603000,2.69,126969000,2209165000,573266000,3533482000,1193573000,86043000,1107530000,331199000,476710000,27.829485937512306,0.09667602665019943,0.057005489233299594,0.09295002231673331,0.33778946659414144
2023-10-29,2023-12-07,LULU,248714000,1.97,126460000,2204218000,510585000,3525849000,1168092000,76954000,1091138000,226953000,389853000,27.88114028151194,0.07054017344475047,0.04129908619084118,0.08186159519777038,0.3312938245511932
2024-01-28,2024-03-21,LULU,669468000,5.3,126228000,3205103000,1017180000,4232081000,1403282000,-840689000,2243971000,1177586000,1384098000,33.527276040181256,0.15818884373904943,0.09439841645608726,0.19362451313968998,0.3315820278487108
2024-04-28,2024-06-05,LULU,321421000,2.55,125989000,2208891000,528401000,4219808000,1402074000,-498598000,1900672000,-3157000,127524000,33.493463715086236,0.0761695792794364,0.047070547756130746,0.08196441420643018,0.3322601407457401
2024-07-28,2024-08-29,LULU,392922000,3.15,124721000,2371078000,643799000,4031645000,1458890000,-151222000,1610112000,298054000,443140000,32.325310092125626,0.09745947373838719,0.05826128925355142,0.09799352168076329,0.361859737154437
2024-10-27,2024-12-05,LULU,351870000,2.87,122697000,2396660000,604260000,3985732000,1514101000,325682000,1188419000,122176000,300659000,32.48434762056122,0.08828240333268769,0.049673410770604894,0.07938995048249055,0.37988028296935167
2025-02-02,2025-03-27,LULU,748403000,6.15,121683000,3611497000,1175761000,4324047000,1575791000,-408545000,1984336000,1166408000,1401390000,35.53534183082271,0.17307929354144394,0.09843144259091982,0.18836227562518554,0.3644250397833326
2025-05-04,2025-06-05,LULU,314572000,2.61,120632000,2370660000,553154000,4289570000,1706782000,381510000,1325272000,-271217000,-118954000,35.559138537038265,0.07333415703671929,0.042334994898757736,0.06558237663954185,0.3978911639161967
2025-08-03,2025-09-04,LULU,370905000,3.1,119600000,2525219000,653266000,4387279000,1762718000,606924000,1155794000,150778000,328676000,36.6829347826087,0.08454101049876245,0.04929992786543494,0.0742671052818638,0.40177932609255074
