date,filingDate,symbol,netIncome,eps,weightedAverageShsOut,revenue,ebitda,totalStockholdersEquity,totalDebt,netDebt,cashAndCashEquivalents,freeCashFlow,operatingCashFlow,bookValuePerShare,ROE,ROA,ROIC,debtToEquity
2015-09-30,2015-10-29,LUV,584000000,0.89,655000000,5318000000,1213000000,6968000000,2668000000,928000000,1740000000,574000000,836000000,10.638167938931298,0.08381171067738231,0.027600548230067582,0.07570550055328054,0.38289322617680827
2015-12-31,2016-02-03,LUV,536000000,0.83,648000000,4977000000,1132000000,7358000000,3178000000,1595000000,1583000000,-512000000,324000000,11.354938271604938,0.07284588203316118,0.02515015015015015,0.06135253615529399,0.4319108453384072
2016-03-31,2016-04-29,LUV,511000000,0.8,641000000,4826000000,1125000000,7496000000,3308000000,920000000,2388000000,1167000000,1616000000,11.694227769110764,0.06816969050160085,0.022975585630142528,0.06237462606240215,0.4413020277481323
2016-06-30,2016-07-28,LUV,820000000,1.3,632000000,5384000000,1624000000,7821000000,3354000000,1314000000,2040000000,624000000,1112000000,12.375,0.10484592763073776,0.03653049405265737,0.09121023770907417,0.42884541618718836
2016-09-30,2016-10-31,LUV,388000000,0.63,618000000,5139000000,952000000,8047000000,3295000000,1329000000,1966000000,359000000,856000000,13.021035598705502,0.048216726730458556,0.016836623996528532,0.04265452246043054,0.40946936746613644
2016-12-31,2017-02-07,LUV,522000000,0.85,617000000,5076000000,1143000000,8441000000,3387000000,1707000000,1680000000,-5000000,709000000,13.680713128038898,0.0618410140978557,0.022416902860087608,0.05245603632371921,0.40125577538206375
2017-03-31,2017-05-03,LUV,351000000,0.57,613000000,4883000000,868000000,8204000000,3066000000,1215000000,1851000000,1162000000,1625000000,13.383360522022839,0.042784007801072645,0.014770862264865547,0.03720882522688503,0.37372013651877134
2017-06-30,2017-08-01,LUV,746000000,1.24,604000000,5744000000,1498000000,8530000000,3095000000,1558000000,1537000000,148000000,746000000,14.12251655629139,0.08745603751465417,0.031185987207892646,0.07453695037319655,0.36283704572098474
2017-09-30,2017-11-01,LUV,503000000,0.84,597000000,5271000000,1147000000,8800000000,3079000000,1619000000,1460000000,341000000,996000000,14.74036850921273,0.05715909090909091,0.020743123427770217,0.05146847106248201,0.34988636363636366
2017-12-31,2018-02-07,LUV,1888000000,3.19,592000000,5274000000,1036000000,10430000000,3668000000,2173000000,1495000000,29000000,562000000,17.618243243243242,0.1810162991371045,0.07518916766228594,0.15366238562806162,0.3516778523489933
2018-03-31,2018-05-01,LUV,463000000,0.79,587000000,4944000000,901000000,9619000000,3592000000,1770000000,1822000000,569000000,1002000000,16.38671209540034,0.048133901652978484,0.01815472689487511,0.04213892929851004,0.37342759122569913
2018-06-30,2018-08-01,LUV,733000000,1.27,578000000,5742000000,1275000000,9997000000,3520000000,1406000000,2114000000,1093000000,1631000000,17.29584775086505,0.0733219965989797,0.02769695824674098,0.06582140299336432,0.35210563168950687
2018-09-30,2018-10-30,LUV,615000000,1.08,569000000,5575000000,1111000000,10153000000,3446000000,1342000000,2104000000,809000000,1271000000,17.84358523725835,0.06057322958731409,0.022877762071274458,0.05513515667283153,0.339407071801438
2018-12-31,2019-02-05,LUV,654000000,1.17,560000000,5704000000,1171000000,9853000000,3377000000,1523000000,1854000000,446000000,989000000,17.59464285714286,0.06637572313001117,0.02492093129596464,0.05910788156732721,0.34273825230894145
2019-03-31,2019-04-30,LUV,387000000,0.7,551000000,5149000000,823000000,9791000000,4684000000,2340000000,2344000000,945000000,1105000000,17.76950998185118,0.039526095393728936,0.01462640311425224,0.03329427558674941,0.47839852926156673
2019-06-30,2019-07-30,LUV,741000000,1.37,542000000,5909000000,1292000000,9940000000,4525000000,2079000000,2446000000,736000000,966000000,18.339483394833948,0.07454728370221328,0.02809585197543035,0.06305357426498953,0.4552313883299799
2019-09-30,2019-11-08,LUV,659000000,1.24,533000000,5639000000,1147000000,9931000000,4381000000,1893000000,2488000000,716000000,1091000000,18.632270168855534,0.06635786929815729,0.02489893074394529,0.05709512822165055,0.4411438928607391
2019-12-31,2020-02-04,LUV,514000000,0.98,525000000,5729000000,998000000,9832000000,3996000000,1448000000,2548000000,563000000,824000000,18.727619047619047,0.05227827502034174,0.019849391774473837,0.04677616446233468,0.4064279902359642
2020-03-31,2020-04-28,LUV,-94000000,-0.18,515000000,4234000000,190000000,9075000000,6349000000,2409000000,3940000000,-601000000,-377000000,17.62135922330097,-0.010358126721763086,-0.0034963734424400222,-0.006877926777352065,0.6996143250688706
2020-06-30,2020-07-27,LUV,-915000000,-1.63,561349693,1008000000,-837000000,10878000000,11422000000,-929000000,12351000000,784000000,897000000,19.378295090650383,-0.08411472697186984,-0.025705135408472864,-0.08536271059887264,1.0500091928663358
2020-09-30,2020-10-27,LUV,-1157000000,-1.96,590000000,1793000000,-1127000000,9769000000,12595000000,486000000,12109000000,-1139000000,-1050000000,16.557627118644067,-0.11843586856382435,-0.03249543603426485,-0.10550634564392682,1.2892824239942675
2020-12-31,2021-02-08,LUV,-908000000,-1.54,588212049,2013000000,-914000000,8876000000,12199000000,1136000000,11063000000,-687000000,-597000000,15.089796298953408,-0.10229833258224426,-0.026251879264484794,-0.0837411334797942,1.374380351509689
2021-03-31,2021-04-27,LUV,116000000,0.2,591000000,2052000000,561000000,9093000000,12785000000,814000000,11971000000,550000000,645000000,15.385786802030458,0.012757065874848785,0.0032682500774800665,0.01996927590979673,1.4060266138788078
2021-06-30,2021-07-27,LUV,348000000,0.59,591000000,4008000000,925000000,9688000000,13300000000,-824000000,14124000000,1910000000,2005000000,16.392554991539765,0.035920726672171756,0.009108516986860703,0.04770628676629224,1.3728323699421965
2021-09-30,2021-10-26,LUV,446000000,0.75,592000000,4679000000,1028000000,10250000000,12815000000,-165000000,12980000000,-713000000,-575000000,17.31418918918919,0.043512195121951217,0.01201832390191323,0.05203701867459924,1.2502439024390244
2021-12-31,2022-02-07,LUV,68000000,0.11,592000000,5051000000,515000000,10414000000,12281000000,-199000000,12480000000,64000000,247000000,17.591216216216218,0.006529671595928557,0.0018722466960352422,0.01659896637870206,1.1792778951411562
2022-03-31,2022-05-02,LUV,-278000000,-0.47,591489361,4694000000,32000000,10417000000,12241000000,-857000000,13098000000,557000000,1071000000,17.611474841049592,-0.02668714601132764,-0.007460683806558961,-0.022583014332769515,1.1750983968513007
2022-06-30,2022-08-02,LUV,760000000,1.2,631675710,6728000000,1443000000,11120000000,12001000000,-1233000000,13234000000,916000000,1906000000,17.60396960649318,0.0683453237410072,0.01984230588481019,0.08295281077722667,1.079226618705036
2022-09-30,2022-10-31,LUV,277000000,0.44,627671000,6220000000,763000000,10924000000,10112000000,-331000000,10443000000,-845000000,234000000,17.404022170850652,0.025357012083485904,0.007706003449618873,0.031705153518184676,0.9256682533870377
2022-12-31,2023-02-07,LUV,-220000000,-0.37,594000000,6172000000,142000000,10687000000,9473000000,-19000000,9492000000,-785000000,579000000,17.99158249158249,-0.02058575839805371,-0.006220136277531171,-0.016280859629388432,0.8864040422943763
2023-03-31,2023-04-28,LUV,-159000000,-0.27,594000000,5706000000,220000000,10302000000,9376000000,1017000000,8359000000,-346000000,706000000,17.343434343434343,-0.015433896330809552,-0.004473077139481235,-0.00993580834297609,0.9101145408658513
2023-06-30,2023-07-28,LUV,683000000,1.15,595000000,7037000000,1313000000,10789000000,9328000000,170000000,9158000000,483000000,1416000000,18.132773109243697,0.06330521827787561,0.018702593170678277,0.0665437377197216,0.8645842988228751
2023-09-30,2023-10-30,LUV,193000000,0.32,596000000,6525000000,671000000,11054000000,9273000000,-224000000,9497000000,-234000000,616000000,18.546979865771814,0.017459743079428262,0.005219037317468902,0.022257286565291756,0.8388818527229962
2023-12-31,2024-02-06,LUV,-252000000,-0.37,596000000,6823000000,187000000,10515000000,9200000000,-88000000,9288000000,-293000000,425000000,17.642617449664428,-0.023965763195435093,-0.006906569463096445,-0.019266817387082087,0.874940561103186
2024-03-31,2024-04-26,LUV,-231000000,-0.39,597000000,6329000000,168000000,10196000000,9161000000,794000000,8367000000,-696000000,-104000000,17.078726968174205,-0.022655943507257748,-0.006413459936698318,-0.016928140896849485,0.8984896037661828
2024-06-30,2024-07-29,LUV,367000000,0.62,599000000,7354000000,937000000,10465000000,9109000000,967000000,8142000000,-524000000,-24000000,17.470784641068448,0.03506927854753942,0.010319714309816382,0.03579671391469588,0.8704252269469661
2024-09-30,2024-10-28,LUV,67000000,0.11,599000000,6870000000,581000000,10411000000,9095000000,592000000,8503000000,-414000000,113000000,17.380634390651085,0.006435500912496398,0.0019226906189915918,0.009783848531605783,0.8735952358082797
2024-12-31,2025-02-07,LUV,261000000,0.45,595000000,6930000000,783000000,10350000000,8058000000,549000000,7509000000,16000000,476000000,17.394957983193276,0.025217391304347827,0.007733333333333333,0.027368172702607052,0.7785507246376812
2025-03-31,2025-04-25,LUV,-149000000,-0.26,584000000,6428000000,239000000,9365000000,7995000000,-139000000,8134000000,359000000,860000000,16.035958904109588,-0.01591030432461292,-0.004486330242081176,-0.013205998446419539,0.8537106246663108
2025-06-30,2025-07-24,LUV,213000000,0.4,538000000,7244000000,706000000,8000000000,5341000000,1866000000,3475000000,-234000000,401000000,14.869888475836431,0.026625,0.007418500975202006,0.023594016970258605,0.667625
