date,filingDate,symbol,netIncome,eps,weightedAverageShsOut,revenue,ebitda,totalStockholdersEquity,totalDebt,netDebt,cashAndCashEquivalents,freeCashFlow,operatingCashFlow,bookValuePerShare,ROE,ROA,ROIC,debtToEquity
2015-09-30,2015-11-05,LVS,519358000,0.65,797302248,2893683000,997213000,6891529000,9128943000,7273477000,1855466000,465225000,858953000,8.643558973133612,0.0753617956189403,0.02533096553705356,0.047874280899475256,1.32466147933209
2015-12-31,2016-02-26,LVS,465782000,0.59,794963961,2861274000,976644000,6817000000,9344000000,7165000000,2179000000,593810000,1009485000,8.575231500337159,0.06832653659967727,0.02232574414034415,0.04634607592550368,1.370690919759425
2016-03-31,2016-05-06,LVS,320000000,0.4,795032018,2717000000,855000000,6634988000,9387243000,7691600000,1695643000,456000000,799000000,8.345560744447905,0.04822917539564502,0.01569788709873564,0.03272169578948513,1.4148093410266906
2016-06-30,2016-08-05,LVS,328000000,0.41,795050014,2649000000,793000000,6427488000,10273633000,8048330000,2225303000,578000000,988000000,8.08438197197491,0.05103082261686059,0.01563354065568976,0.03109740370785532,1.598390070895504
2016-09-30,2016-11-04,LVS,513357000,0.65,795000023,2969000000,1017725000,6343882000,9756924000,7966524000,1790400000,647000000,1044000000,7.9797255553035376,0.08092158712914269,0.02482304723350222,0.046402179729755945,1.5380052781561826
2016-12-31,2017-02-24,LVS,508510000,0.64,795077689,3075000000,1053757000,6177000000,9595000000,7467000000,2128000000,918537000,1212982000,7.769052113346373,0.08232313420754411,0.024842933216082858,0.049636971504758556,1.553343046786466
2017-03-31,2017-05-05,LVS,480000000,0.61,794000590,3067000000,1046000000,5997000000,9790000000,7834000000,1956000000,761000000,963000000,7.552891113090986,0.080040020010005,0.023949705618201776,0.04683688279415269,1.632482908120727
2017-06-30,2017-08-04,LVS,546000000,0.69,792000000,3109000000,1123000000,5923000000,10140000000,7833000000,2307000000,968000000,1146000000,7.478535353535354,0.0921830153638359,0.02710753649091451,0.05157064973397687,1.711970285328381
2017-09-30,2017-11-03,LVS,569000000,0.72,791000664,3161000000,1105000000,5896000000,9617000000,7616000000,2001000000,901000000,1113000000,7.453849621547221,0.09650610583446405,0.028725767366720518,0.056171998000896305,1.6311058344640434
2017-12-31,2018-02-23,LVS,1212000000,1.53,790000110,3391000000,1277000000,6486000000,9640000000,7221000000,2419000000,1076000000,1321000000,8.210125439096458,0.1868640148011101,0.05858751873157055,0.10856103723200232,1.4862781375269811
2018-03-31,2018-04-27,LVS,1456000000,1.85,790000000,3579000000,1398000000,7363000000,9652000000,7024000000,2628000000,1159000000,1397000000,9.320253164556963,0.19774548417764498,0.06770833333333333,0.1218899438388524,1.3108787179138939
2018-06-30,2018-07-25,LVS,556000000,0.7,790000000,3303000000,1124000000,7158000000,11323000000,6973000000,4350000000,929000000,1107000000,9.060759493670886,0.07767532830399553,0.02432728068256399,0.05371515654565363,1.581866443140542
2018-09-30,2018-10-26,LVS,571000000,0.73,786000112,3372000000,1196000000,6862000000,11980000000,7208000000,4772000000,689000000,896000000,8.730278654209657,0.08321189157679977,0.024465486953168518,0.057939022461677724,1.745846691926552
2018-12-31,2019-02-22,LVS,-170000000,-0.22,780000000,3475000000,1174000000,5684000000,11985000000,7337000000,4648000000,975000000,1301000000,7.287179487179487,-0.029908515130190008,-0.0075398057391227215,-0.0036639962275329275,2.1085503166783957
2019-03-31,2019-04-19,LVS,582000000,0.75,775000000,3646000000,1269000000,5525000000,11999000000,7865000000,4134000000,580000000,820000000,7.129032258064516,0.1053393665158371,0.026083449110384082,0.06488035018841816,2.171764705882353
2019-06-30,2019-07-24,LVS,954000000,1.24,772000000,3334000000,1773000000,5560000000,12025000000,8008000000,4017000000,-190000000,76000000,7.2020725388601035,0.17158273381294964,0.0422235991856245,0.09016927083333331,2.162769784172662
2019-09-30,2019-10-25,LVS,533000000,0.69,769000000,3250000000,1172000000,5359000000,11943000000,8126000000,3817000000,597000000,900000000,6.968790637191157,0.0994588542638552,0.02376599634369287,0.05866082894294445,2.228587423026684
2019-12-31,2020-02-07,LVS,629000000,0.82,767341740,3509000000,1284000000,5187000000,12492000000,8266000000,4226000000,782000000,1242000000,6.759700052287003,0.12126470021206863,0.02711323763955343,0.06815473226845664,2.4083285135916714
2020-03-31,2020-04-24,LVS,-1000000,-0.0013,764000000,1417000000,311000000,4489000000,12322000000,9720000000,2602000000,-660000000,-370000000,5.87565445026178,-0.00022276676319893073,-4.7243350498417346e-05,0.005364809024461358,2.744932056137224
2020-06-30,2020-07-24,LVS,-820000000,-1.0733,764000000,62000000,-514000000,3720000000,13838000000,10822000000,3016000000,-1004000000,-652000000,4.869109947643979,-0.22043010752688172,-0.03779672735653376,-0.05027181627654916,3.7198924731182794
2020-09-30,2020-10-23,LVS,-565000000,-0.65,764000000,446000000,-277000000,3199000000,13912000000,11531000000,2381000000,-650000000,-294000000,4.18717277486911,-0.1766176930290716,-0.026927842912973024,-0.035911969317209004,4.348859018443264
2020-12-31,2021-02-05,LVS,-299000000,-0.3914,753333333,1015000000,124000000,2973000000,14004000000,11922000000,2082000000,-248000000,4000000,3.9464601787373716,-0.10057181298351833,-0.014370163887153361,-0.009468461045500321,4.710393541876892
2021-03-31,2021-04-23,LVS,-278000000,-0.3639,764000000,1196000000,143000000,2673000000,14446000000,12372000000,2074000000,-484000000,-193000000,3.49869109947644,-0.10400299289188178,-0.013533907794167762,-0.007836140700704902,5.404414515525627
2021-06-30,2021-07-23,LVS,-192000000,-0.3,764000000,1173000000,130000000,2491000000,14450000000,12393000000,2057000000,9000000,166000000,3.2604712041884816,-0.07707747892412686,-0.009421925606045736,-0.008419422555407506,5.800883179446005
2021-09-30,2021-10-22,LVS,-368000000,-0.4817,764000000,857000000,-202000000,2102000000,14535000000,12891000000,1644000000,-351000000,-159000000,2.75130890052356,-0.17507136060894388,-0.018499899457068168,-0.02960222016651249,6.914843006660323
2021-12-31,2022-02-04,LVS,-123000000,-0.161,764000000,1008000000,117000000,1996000000,14795000000,12941000000,1854000000,7000000,201000000,2.612565445026178,-0.06162324649298597,-0.006131910862954285,-0.010439193449698033,7.412324649298597
2022-03-31,2022-04-29,LVS,-331000000,-0.49,764000000,943000000,-56000000,4529000000,14977000000,8547000000,6430000000,-509000000,-360000000,5.928010471204188,-0.07308456612938839,-0.014878410572211984,-0.024575140548724846,3.306911017884743
2022-06-30,2022-07-22,LVS,-287000000,-0.38,755263157,1045000000,114000000,4191000000,15379000000,8927000000,6452000000,-470000000,-181000000,5.549059240023276,-0.0684800763540921,-0.01301056258216601,-0.014741696824772712,3.6695299451204964
2022-09-30,2022-10-21,LVS,-238000000,-0.31,764000000,1005000000,123000000,3900000000,15293000000,9457000000,5836000000,-320000000,-150000000,5.104712041884817,-0.06102564102564102,-0.011085751548744702,-0.012179943100995733,3.921282051282051
2022-12-31,2023-02-03,LVS,-164000000,-0.22,764000000,1117000000,170000000,3881000000,15978000000,9667000000,6311000000,-276000000,-104000000,5.079842931937173,-0.042257150219015716,-0.007441353963428468,-0.00594968052679388,4.116980159752641
2023-03-31,2023-04-21,LVS,147000000,0.19,764000000,2120000000,687000000,4056000000,15989000000,9457000000,6532000000,259000000,441000000,5.30890052356021,0.036242603550295856,0.0064714946070878274,0.022726453348816997,3.942061143984221
2023-06-30,2023-07-21,LVS,312000000,0.41,764000000,2542000000,915000000,4330000000,14920000000,9152000000,5768000000,522000000,941000000,5.667539267015707,0.0720554272517321,0.014009878760664571,0.04104166599964354,3.4457274826789837
2023-09-30,2023-10-20,LVS,380000000,0.5,764000000,2795000000,1114000000,4553000000,14394000000,8820000000,5574000000,512000000,839000000,5.959424083769633,0.0834614539863826,0.01717591755559573,0.045335224030750194,3.161432022842082
2023-12-31,2024-02-07,LVS,382000000,0.5,759000000,2915000000,1145000000,4118000000,14029000000,8924000000,5105000000,677000000,1006000000,5.425559947299078,0.09276347741622147,0.017540637340435303,0.047502196645349534,3.4067508499271493
2024-03-31,2024-04-19,LVS,494000000,0.66,750000000,2959000000,1133000000,3953000000,13957000000,9001000000,4956000000,514000000,714000000,5.270666666666667,0.12496837844674931,0.023252530007060485,0.058657042869641296,3.5307361497596763
2024-06-30,2024-07-26,LVS,353000000,0.48,740000000,2761000000,1027000000,3754000000,13738000000,9027000000,4711000000,525000000,814000000,5.072972972972973,0.09403303143313799,0.016719556671245205,0.0456145841483452,3.6595631326584974
2024-09-30,2024-10-25,LVS,275000000,0.38,730000000,2682000000,935000000,3426000000,14012000000,9804000000,4208000000,220000000,761000000,4.693150684931507,0.08026853473438413,0.01287814929287253,0.038532997980002585,4.08990075890251
2024-12-31,2025-02-07,LVS,324000000,0.4494,735000000,2896000000,1017000000,2884000000,13752000000,10102000000,3650000000,365000000,915000000,3.9238095238095236,0.11234396671289876,0.01567792509435788,0.04197278363851209,4.768377253814147
2025-03-31,2025-04-25,LVS,352000000,0.49,712000000,2862000000,1035000000,2699000000,13851000000,10815000000,3036000000,72000000,526000000,3.7907303370786516,0.13041867358280845,0.01656704475926013,0.04134424409128915,5.1319007039644315
2025-06-30,2025-06-30,LVS,461000000,0.66,695000000,3175000000,1194000000,1991000000,15820000000,12370000000,3450000000,-108000000,178000000,2.864748201438849,0.23154193872425916,0.021098398169336386,0.0476519775267101,7.945755901557007
