date,filingDate,symbol,netIncome,eps,weightedAverageShsOut,revenue,ebitda,totalStockholdersEquity,totalDebt,netDebt,cashAndCashEquivalents,freeCashFlow,operatingCashFlow,bookValuePerShare,ROE,ROA,ROIC,debtToEquity
2015-09-30,2015-10-29,MAR,210000000,0.8,262200000,3578000000,383000000,-3589000000,4304000000,4209000000,95000000,269000000,328000000,-13.688024408848207,-0.05851212036779047,0.034129692832764506,0.38584403382398996,-1.199219838395096
2015-12-31,2016-02-18,MAR,202000000,0.79,256900000,3706000000,362000000,-3590000000,4107000000,4011000000,96000000,263000000,350000000,-13.974309069676917,-0.05626740947075209,0.03321275896086814,0.557525676625071,-1.1440111420612813
2016-03-31,2016-04-28,MAR,219000000,0.86,254400000,3772000000,404000000,-3667000000,4159000000,4060000000,99000000,352000000,394000000,-14.41430817610063,-0.059721843468775564,0.03577846757065839,0.63759190746031,-1.1341696209435506
2016-06-30,2016-07-28,MAR,247000000,0.97,254300000,3902000000,431000000,-3462000000,4360000000,3681000000,679000000,432000000,468000000,-13.613841918993314,-0.07134604274985558,0.037142857142857144,1.3147366464903896,-1.2593876372039283
2016-09-30,2016-11-09,MAR,70000000,0.26,266200000,3942000000,222000000,5841000000,8822000000,7744000000,1078000000,290000000,344000000,21.94214876033058,0.011984249272384865,0.0027997760179185667,0.007316106954515954,1.5103578154425612
2016-12-31,2017-02-21,MAR,244000000,0.63,387900000,5456000000,529000000,5357000000,8506000000,7648000000,858000000,383000000,450000000,13.810260376385667,0.04554788127683405,0.010107705053852526,0.022436038358414068,1.5878290087735674
2017-03-31,2017-05-09,MAR,371000000,0.96,384900000,4912000000,626000000,5168000000,8470000000,7732000000,738000000,414000000,462000000,13.426864120550793,0.07178792569659442,0.015506792058516197,0.032834949628095286,1.6389318885448916
2017-06-30,2017-08-08,MAR,489000000,1.29,378500000,5211000000,872000000,4901000000,8313000000,7815000000,498000000,668000000,724000000,12.948480845442536,0.09977555600897776,0.020476529458565387,0.04237623035949958,1.696184452152622
2017-09-30,2017-11-08,MAR,485000000,1.3,372300000,5078000000,876000000,4512000000,8669000000,8161000000,508000000,514000000,565000000,12.119258662369058,0.10749113475177305,0.020011553061561313,0.04205588690464353,1.9213209219858156
2017-12-31,2018-02-15,MAR,201000000,0.31,365100000,5875000000,1323000000,3582000000,8238000000,7855000000,383000000,435000000,520000000,9.81101068200493,0.05611390284757119,0.00839318523467513,0.018647793054149285,2.2998324958123955
2018-03-31,2018-05-10,MAR,420000000,1.17,358400000,5009000000,680000000,3566000000,8846000000,8145000000,701000000,611000000,675000000,9.949776785714286,0.11777902411665732,0.017154059794151282,0.04091969313600798,2.4806505888951205
2018-06-30,2018-08-07,MAR,667000000,1.89,353400000,5409000000,1029000000,2841000000,8991000000,8625000000,366000000,130000000,454000000,8.03904923599321,0.23477648715241112,0.027973494380137562,0.06382944540839278,3.1647307286166844
2018-09-30,2018-11-06,MAR,503000000,1.45,346700000,5051000000,745000000,2324000000,9327000000,8954000000,373000000,621000000,695000000,6.703201615229305,0.21643717728055079,0.021105190282381572,0.05105736086406418,4.013339070567986
2018-12-31,2019-03-01,MAR,416000000,0.93,341900000,5357000000,649000000,2225000000,9347000000,9031000000,316000000,439000000,533000000,6.507750804328751,0.18696629213483146,0.017555705604321403,0.04421079808235885,4.200898876404494
2019-03-31,2019-05-10,MAR,375000000,1.1,339600000,5012000000,597000000,1603000000,11145000000,10887000000,258000000,85000000,151000000,4.720259128386337,0.23393636930754835,0.015153964277054878,0.03676552352993506,6.952588895820337
2019-06-30,2019-08-06,MAR,232000000,0.7,333800000,5305000000,487000000,1240000000,11307000000,11023000000,284000000,511000000,587000000,3.7147992810065906,0.1870967741935484,0.009319889125456955,0.02506426301270821,9.118548387096775
2019-09-30,2019-11-05,MAR,387000000,1.17,329900000,5284000000,695000000,838000000,11647000000,11371000000,276000000,359000000,452000000,2.540163685965444,0.4618138424821002,0.015597291633080768,0.03771271480910511,13.898568019093078
2019-12-31,2020-02-27,MAR,279000000,0.85,327700000,5371000000,617000000,703000000,11822000000,11597000000,225000000,77000000,495000000,2.145254806225206,0.3968705547652916,0.011137279948904235,0.029292982193625614,16.816500711237552
2020-03-31,2020-05-11,MAR,31000000,0.1,325400000,4681000000,287000000,-20000000,13079000000,11319000000,1760000000,455000000,514000000,-0.06146281499692686,-1.55,0.0012133547301264238,0.016172833180393233,-653.95
2020-06-30,2020-08-10,MAR,-234000000,-0.72,325000000,1464000000,-78000000,-79000000,12628000000,10345000000,2283000000,971000000,991000000,-0.24307692307692308,2.962025316455696,-0.00911214953271028,-0.013079599433589996,-159.84810126582278
2020-09-30,2020-11-06,MAR,100000000,0.31,325900000,2254000000,341000000,229000000,11812000000,10235000000,1577000000,100000000,118000000,0.7026695305308377,0.4366812227074236,0.003976459360585335,0.01805966914686123,51.580786026200876
2020-12-31,2021-04-02,MAR,-164000000,-0.5,326200000,2172000000,-93000000,430000000,11199000000,10322000000,877000000,-22000000,16000000,1.3182096873083997,-0.3813953488372093,-0.006639407311444881,-0.009812424173491052,26.044186046511626
2021-03-31,2021-05-10,MAR,-11000000,-0.0337,326700000,2316000000,149000000,234000000,10983000000,10355000000,628000000,-3000000,27000000,0.7162534435261708,-0.04700854700854701,-0.0004513931634453609,0.0030779670027946547,46.93589743589744
2021-06-30,2021-08-03,MAR,422000000,1.29,327100000,3149000000,558000000,796000000,10933000000,10269000000,664000000,59000000,99000000,2.433506572913482,0.5301507537688442,0.017221678093372512,0.049049223569150556,13.734924623115578
2021-09-30,2021-11-03,MAR,220000000,0.67,327300000,3946000000,470000000,918000000,10540000000,9768000000,772000000,575000000,619000000,2.8047662694775437,0.23965141612200436,0.008977393291438832,0.028511721784840512,11.481481481481481
2021-12-31,2022-02-15,MAR,468000000,1.43,327600000,4446000000,718000000,1414000000,11236000000,9843000000,1393000000,363000000,432000000,4.316239316239316,0.33097595473833097,0.018314874965757445,0.048933056414532654,7.946251768033946
2022-03-31,2022-05-04,MAR,377000000,1.15,328300000,4199000000,641000000,1772000000,10535000000,9493000000,1042000000,349000000,398000000,5.3975022844958875,0.21275395033860045,0.014937792218083841,0.040005109900151804,5.9452595936794586
2022-06-30,2022-08-02,MAR,678000000,2.06,328200000,5338000000,1041000000,1772000000,9836000000,9290000000,546000000,580000000,650000000,5.399146861669713,0.38261851015801357,0.027544180377818403,0.06792260973457122,5.55079006772009
2022-09-30,2022-11-03,MAR,630000000,1.94,324500000,5313000000,1041000000,1063000000,10425000000,9380000000,1045000000,801000000,874000000,3.275808936825886,0.5926622765757291,0.02544118240923959,0.06726966610457097,9.807149576669802
2022-12-31,2023-02-14,MAR,673000000,2.13,316500000,5923000000,1076000000,568000000,11098000000,10591000000,507000000,301000000,441000000,1.7946287519747235,1.1848591549295775,0.027120693129155753,0.0680941908053059,19.538732394366196
2023-03-31,2023-05-02,MAR,757000000,2.45,309600000,5615000000,1035000000,140000000,11681000000,11127000000,554000000,792000000,887000000,0.45219638242894056,5.4071428571428575,0.030446848731046132,0.07721770199176642,83.43571428571428
2023-06-30,2023-08-01,MAR,726000000,2.39,303600000,6075000000,1175000000,-224000000,12296000000,11733000000,563000000,552000000,651000000,-0.7378129117259552,-3.2410714285714284,0.028939291266392952,0.07230765459036388,-54.892857142857146
2023-09-30,2023-11-02,MAR,752000000,2.52,298600000,5928000000,1204000000,-661000000,12734000000,12017000000,717000000,757000000,881000000,-2.213663764233088,-1.1376701966717095,0.02976214034115645,0.07599622618796191,-19.264750378214828
2023-12-31,2024-02-13,MAR,848000000,2.88,294300000,6095000000,807000000,-682000000,12760000000,12422000000,338000000,617000000,751000000,-2.3173632347944273,-1.2434017595307918,0.03302952403209473,0.09125311174119696,-18.70967741935484
2024-03-31,2024-05-01,MAR,564000000,1.94,290400000,5977000000,1006000000,-1616000000,13509000000,13080000000,429000000,670000000,779000000,-5.564738292011019,-0.349009900990099,0.021897810218978103,0.060228011184585005,-8.359529702970297
2024-06-30,2024-07-31,MAR,772000000,2.7,285800000,6439000000,1260000000,-2091000000,13968000000,13619000000,349000000,647000000,772000000,-7.31630510846746,-0.36920133907221425,0.02999222999222999,0.07810715048310468,-6.680057388809182
2024-09-30,2024-11-04,MAR,584000000,2.07,281500000,6255000000,1036000000,-2421000000,14462000000,14068000000,394000000,706000000,880000000,-8.600355239786856,-0.24122263527467988,0.02228242206875501,0.06156069850354065,-5.973564642709624
2024-12-31,2025-02-11,MAR,455000000,1.63,278900000,6429000000,1057000000,-2992000000,15241000000,14845000000,396000000,-24000000,318000000,-10.727859447830763,-0.15207219251336898,0.01737835153922542,0.049941493439562175,-5.093917112299465
2025-03-31,2025-05-06,MAR,665000000,2.4,277700000,6263000000,1092000000,-3168000000,15851000000,15328000000,523000000,512000000,647000000,-11.407994238386749,-0.20991161616161616,0.024952159393643765,0.06843095549738219,-5.003472222222222
2025-06-30,2025-08-05,MAR,763000000,2.78,274460000,6744000000,1310000000,-2964000000,16536000000,15865000000,671000000,778000000,643000000,-10.799387888945565,-0.2574224021592443,0.027905785970302098,0.07053356409863054,-5.578947368421052
