date,filingDate,symbol,netIncome,eps,weightedAverageShsOut,revenue,ebitda,totalStockholdersEquity,totalDebt,netDebt,cashAndCashEquivalents,freeCashFlow,operatingCashFlow,bookValuePerShare,ROE,ROA,ROIC,debtToEquity
2015-09-30,2015-11-09,MCHP,64899000,0.15,432660000,541391000,150710000,2129381000,2687874000,2148796000,539078000,119943000,149886000,4.921603568622013,0.030477871268692638,0.01121595822138085,0.022379479685338526,1.2622795075188518
2015-12-31,2016-02-05,MCHP,61211000,0.15,406588000,540344000,153843000,2126344000,2406474000,2075023000,331451000,192608000,210477000,5.22972640609167,0.02878696955901773,0.011238484230301257,0.02255921535640567,1.1317425590591175
2016-03-31,2016-05-24,MCHP,67355000,0.17,407472000,557647000,159937000,2150919000,2453405000,360654000,2092751000,186120000,202592000,5.278691541995523,0.03131452183926963,0.012097856943358033,0.039299773383175717,1.1406310511925368
2016-06-30,2016-08-09,MCHP,-113363000,-0.26,428333000,799411000,56810000,2532549000,3336504000,2735978000,600526000,205473000,223967000,5.912570359976934,-0.04476241130971207,-0.015405185332955732,-0.012869095617215867,1.317448941757889
2016-09-30,2016-11-08,MCHP,33919000,0.08,431048000,871364000,173176000,2519512000,3105433000,2615445000,489988000,203971000,222123000,5.845084538148884,0.01346252766408733,0.004794614268129746,0.016571393189070933,1.2325533674775115
2016-12-31,2017-02-08,MCHP,107175000,0.25,432420000,834366000,233609000,2566898000,3123994000,2460056000,663938000,275110000,290802000,5.9361222885157945,0.041752730338330546,0.01500087968769617,0.0303385747781272,1.2170308286499891
2017-03-31,2017-05-30,MCHP,136908000,0.31,445406000,902666000,241746000,3270711000,2950500000,2041800000,908684000,299588000,322560000,7.343212709303422,0.04185878850194957,0.01782986845477599,0.040723528147292014,0.9020974338607111
2017-06-30,2017-08-04,MCHP,170587000,0.37,458858000,972141000,367500000,3412554000,2995164000,2222128000,773036000,322862000,344992000,7.437058959416639,0.0499880734488011,0.02162643981769018,0.03929004994711122,0.8776898475452696
2017-09-30,2017-11-07,MCHP,189156000,0.41,466600000,1012139000,388300000,3546124000,3017832000,2191425000,826407000,290236000,350131000,7.599922846120874,0.053341620315589644,0.023482476780831457,0.041724357837255054,0.8510226940738677
2017-12-31,2018-02-07,MCHP,-251086000,-0.54,468200000,994205000,401000000,3185075000,3039600000,2367521000,672079000,298572000,364959000,6.802808628791115,-0.07883205262042495,-0.030907483733275825,-0.05665955704307238,0.9543260362785806
2018-03-31,2018-05-18,MCHP,146700000,0.32,469200000,1002300000,395384000,3279800000,3068300000,2167000000,901300000,301130000,359518000,6.990196078431373,0.04472833709372523,0.017766313035895945,0.03413395278468646,0.9355143606317459
2018-06-30,2018-08-09,MCHP,35700000,0.075,470400000,1212500000,300900000,5123800000,11349600000,10714400000,635200000,213000000,302400000,10.892431972789115,0.006967485069674851,0.0018546610697809734,0.007658966551238792,2.215074749209571
2018-09-30,2018-11-07,MCHP,96300000,0.21,471600000,1432500000,320200000,5170200000,10886100000,10426400000,459700000,415500000,487500000,10.963104325699746,0.01862597191598004,0.005158808813366832,-0.015545754440428283,2.1055471741905536
2018-12-31,2019-02-06,MCHP,49200000,0.1,473400000,1374700000,436500000,5161100000,10542300000,10110100000,432200000,454100000,481500000,10.902196873679763,0.009532851523899944,0.002709892760951106,0.011281985341391281,2.0426459475693166
2019-03-31,2019-05-30,MCHP,174700000,0.37,474400000,1329800000,526100000,5287500000,10307000000,9878400000,428600000,363300000,403400000,11.145657672849916,0.03304018912529551,0.009520435967302452,0.021895743133849677,1.9493144208037825
2019-06-30,2019-08-07,MCHP,50700000,0.11,475600000,1322600000,480200000,5288300000,10224600000,9790600000,434000000,356700000,380600000,11.119217830109335,0.009587201936350057,0.0027786303051560855,0.01437078006721681,1.9334379668324415
2019-09-30,2019-11-06,MCHP,108900000,0.23,476800000,1337800000,480700000,5361300000,9954900000,9553100000,401800000,378300000,396000000,11.244337248322148,0.02031223770354205,0.006097936556821682,0.0249894475689555,1.856807117676683
2019-12-31,2020-02-04,MCHP,311100000,0.65,478400000,1287400000,426000000,5616600000,9734400000,9337300000,397100000,381400000,395500000,11.740384615384615,0.055389381476338,0.017687593100076185,0.2472920864841594,1.7331481679307765
2020-03-31,2020-05-22,MCHP,99900000,0.21,480200000,1326400000,472100000,5585500000,9621400000,9220400000,401000000,359800000,371700000,11.63161182840483,0.017885596634141975,0.005732780140134626,0.023748174743627965,1.7225673619192552
2020-06-30,2020-08-04,MCHP,123600000,0.25,495400000,1309700000,476600000,5501300000,9366500000,8988300000,378200000,492300000,501800000,11.104763827210336,0.022467416792394525,0.007258590212648504,0.017518000967289813,1.7025975678475997
2020-09-30,2020-11-05,MCHP,73600000,0.14,512000000,1309500000,463700000,5443700000,9217700000,8849400000,368300000,449500000,455800000,10.6322265625,0.013520216029538732,0.004388553983387892,0.010316071996183378,1.6932784686885758
2020-12-31,2021-02-04,MCHP,36200000,0.0687,526800000,1352100000,386000000,5297000000,9181200000,8810500000,370700000,488300000,509700000,10.055049354593773,0.006834057013403814,0.0021838671340061898,0.015136410048690749,1.7332829903719087
2021-03-31,2021-05-18,MCHP,116000000,0.22,542400000,1467100000,506300000,5337100000,9069300000,8789300000,280000000,393800000,449200000,9.839786135693215,0.02173464990350565,0.007039347525305241,0.012425410280713676,1.699293623878136
2021-06-30,2021-08-03,MCHP,252800000,0.46,547500000,1569400000,638000000,5519900000,8565400000,8287700000,277700000,543600000,629900000,10.082009132420092,0.04579793112194062,0.01553035422477239,0.02254997808750814,1.5517310096197394
2021-09-30,2021-11-04,MCHP,242000000,0.44,551300000,1649800000,604200000,5702900000,8235400000,7982100000,253300000,533200000,611700000,10.344458552512243,0.042434550842553785,0.014924452667283379,0.021817335892717785,1.444072314085816
2021-12-31,2022-02-03,MCHP,352800000,0.64,554900000,1757500000,801400000,5803300000,7903500000,7590000000,313500000,762700000,853400000,10.458280771310147,0.0607929970878638,0.02198514382571414,0.02987958711189066,1.3618975410542278
2022-03-31,2022-05-20,MCHP,437900000,0.79,555600000,1844200000,827900000,5894800000,7849800000,7532400000,317400000,633100000,747700000,10.609791216702664,0.07428581122345118,0.027031698509213248,0.03639006757618354,1.3316482323403678
2022-06-30,2022-08-02,MCHP,507200000,0.92,553800000,1963600000,954000000,5977900000,7596600000,7219500000,377100000,718500000,840400000,10.794330083062478,0.08484584887669583,0.03129241627797932,0.041284777052436224,1.2707807089446126
2022-09-30,2022-11-03,MCHP,546200000,0.99,551500000,2073199999,1001800000,6103100000,7335600000,7030800000,304800000,682900000,793200000,11.066364460562104,0.08949550228572364,0.033839081599147516,0.04461490286373973,1.2019465517523882
2022-12-31,2023-02-02,MCHP,580300000,1.06,549200000,2169200000,1056600000,6311600000,6622400000,6333500000,288900000,1136600000,1277900000,11.492352512745812,0.09194182140820077,0.03600747079007949,0.04892582706814137,1.0492426643006527
2023-03-31,2023-05-25,MCHP,604000000,1.1,546900000,2232700000,1090100000,6513600000,6600000000,6366000000,234000000,596800000,709500000,11.910038398244652,0.09272905919921395,0.03689608620489545,0.04953368570209249,1.013264554163596
2023-06-30,2023-08-03,MCHP,666400000,1.22,545100000,2288600000,1116200000,6831300000,6062600000,5791400000,271200000,882100000,993200000,12.53219592735278,0.0975509785838713,0.04040110096637688,0.055594342050655214,0.8874738336773381
2023-09-30,2023-11-02,MCHP,666600000,1.23,543100000,2254300000,1097600000,6968500000,6108100000,5851500000,256600000,541800000,616200000,12.830970355367336,0.09565903709550118,0.040153240088185334,0.05480381316980126,0.8765300997345197
2023-12-31,2024-02-01,MCHP,419200000,0.78,540800000,1765700000,751200000,7080200000,5727600000,5446600000,281000000,793800000,853300000,13.092085798816568,0.05920736702353041,0.025967911788391255,0.036746416591355906,0.8089601988644388
2024-03-31,2024-05-23,MCHP,154700000,0.29,538900000,1325800000,471400000,6657800000,6032400000,5712700000,319700000,389900000,430000000,12.354425681944702,0.023235903751990146,0.00974598694655142,0.015855819621271364,0.9060650665384962
2024-06-30,2024-08-01,MCHP,129300000,0.24,536700000,1241300000,410300000,6406000000,6202900000,5887800000,315100000,304200000,377100000,11.93590460219862,0.020184202310334062,0.008163033390783916,0.01440468017273261,0.9682953481111458
2024-09-30,2024-11-05,MCHP,78400000,0.15,536700000,1163800000,335900000,6275900000,6457600000,6171500000,286100000,22800000,43600000,11.693497298304454,0.012492232189805446,0.005018467191130627,0.010208395178276307,1.0289520228174445
2024-12-31,2025-02-06,MCHP,-53600000,-0.0997,537400000,1026000000,207600000,6031500000,6784000000,6198000000,586000000,253400000,271500000,11.223483438779308,-0.008886678272403217,-0.003428819999744118,0.0019775091327742323,1.1247616679101384
2025-03-31,2025-05-23,MCHP,-154600000,-0.29,537400000,970500000,86600000,7078300000,5666100000,4894400000,771700000,191700000,205900000,13.17138072199479,-0.021841402596668693,-0.010055546160550518,-0.007703125720143847,0.8004888179365102
2025-06-30,2025-08-07,MCHP,-18600000,-0.086,539200000,1075500000,211300000,6857100000,5494500000,4928000000,566500000,257700000,275600000,12.717173590504451,-0.0027125169532309576,-0.0012416969858807037,0.004015583290163969,0.8012862580391128
