date,filingDate,symbol,netIncome,eps,weightedAverageShsOut,revenue,ebitda,totalStockholdersEquity,totalDebt,netDebt,cashAndCashEquivalents,freeCashFlow,operatingCashFlow,bookValuePerShare,ROE,ROA,ROIC,debtToEquity
2015-10-30,2015-12-09,MDT,520000000,0.37,1412900000,7058000000,2103000000,52269000000,35776000000,33398000000,2378000000,1057000000,1279000000,36.994125557364285,0.009948535460789379,0.005062995345938894,0.015763445955641425,0.6844592397023093
2016-01-29,2016-03-09,MDT,1095000000,0.78,1406600000,6934000000,2169000000,50816000000,35747000000,33026000000,2721000000,1550000000,1797000000,36.1268306554813,0.021548331234256927,0.010999829226395572,0.018735848023873913,0.703459540302267
2016-04-29,2016-06-28,MDT,1104000000,0.79,1400700000,7567000000,2323000000,51828000000,31013000000,28137000000,2876000000,973000000,1326000000,37.00149925037481,0.02130122713591109,0.01119664100769769,0.014815945538926317,0.5983831133750096
2016-07-29,2016-09-07,MDT,929000000,0.67,1392200000,7166000000,1997000000,50824000000,31965000000,28905000000,3060000000,1220000000,1550000000,36.506249102140494,0.01827876593735243,0.009440481271467186,0.016969985826988925,0.6289351487486227
2016-10-28,2016-12-05,MDT,1115000000,0.81,1380000000,7345000000,2208000000,50186000000,32297000000,29343000000,2954000000,1204000000,1472000000,36.36666666666667,0.022217351452596342,0.011426756031072578,0.013168272776811117,0.6435460088470888
2017-01-27,2017-03-03,MDT,821000000,0.6,1372200000,7283000000,1965000000,49387000000,32108000000,29340000000,2768000000,1759000000,2085000000,35.9911091677598,0.016623807884666005,0.008225134247014506,0.017773234715883393,0.6501306011703485
2017-04-28,2017-06-27,MDT,1163000000,0.85,1369000000,7916000000,2443000000,50294000000,33401000000,28434000000,4967000000,1443000000,1773000000,36.73776479181885,0.023124030699487017,0.011610610280831012,0.01490763814100261,0.6641150037777866
2017-07-28,2017-09-01,MDT,1016000000,0.75,1361900000,7390000000,2026000000,50672000000,33970000000,29279000000,4691000000,459000000,737000000,37.20684338057126,0.020050520997789707,0.010756103241652375,0.017557520474346094,0.6703899589516893
2017-10-27,2017-12-04,MDT,2017000000,1.49,1355100000,7050000000,1883000000,51469000000,29042000000,23513000000,5529000000,661000000,907000000,37.981698767618624,0.039188637820824185,0.02105427974947808,-0.02344508154206279,0.5642619829411879
2018-01-26,2018-03-02,MDT,-1389000000,-1.03,1348544000,7369000000,1963000000,50234000000,28810000000,22452000000,6358000000,1750000000,2002000000,37.25054577381235,-0.027650595214396625,-0.015198100510980053,0.023859069007168814,0.573515945375642
2018-04-27,2018-06-22,MDT,1460000000,1.08,1354900000,8144000000,2706000000,50720000000,25763000000,22094000000,3669000000,746000000,1038000000,37.43449701084951,0.028785488958990538,0.016272667491445705,0.017824542961332172,0.5079455835962146
2018-07-27,2018-08-31,MDT,1075000000,0.79,1352700000,7384000000,2088000000,50224000000,25233000000,20853000000,4380000000,1411000000,1702000000,37.12870555185924,0.021404109589041095,0.012195121951219513,0.01856019460626532,0.5024092067537432
2018-10-26,2018-11-29,MDT,1115000000,0.83,1349200000,7481000000,2247000000,49607000000,25027000000,21116000000,3911000000,957000000,1163000000,36.767714201008005,0.02247666659947185,0.012566212104136143,0.02115917234825165,0.5045054125425847
2019-01-25,2019-03-01,MDT,1269000000,0.95,1342800000,7546000000,2288000000,49829000000,25030000000,21327000000,3703000000,1753000000,2055000000,37.10828120345547,0.025467097473358888,0.014148103552077062,0.02584279567485873,0.502317927311405
2019-04-26,2019-06-21,MDT,1172000000,0.87,1340600000,8146000000,2677000000,50091000000,25315000000,20922000000,4393000000,1752000000,2087000000,37.36461285991347,0.023397416701603082,0.012841302537581627,0.020047967632492388,0.505380208021401
2019-07-26,2019-08-30,MDT,864000000,0.64,1340800000,7493000000,2243000000,50363000000,26262000000,21182000000,5080000000,1209000000,1510000000,37.56190334128878,0.017155451422671407,0.009488978946327963,0.021606239326034574,0.5214542422016163
2019-10-25,2019-12-03,MDT,1364000000,1.02,1340800000,7706000000,2130000000,50578000000,25627000000,21665000000,3962000000,1584000000,1867000000,37.7222553699284,0.026968247063940843,0.014694792182887677,0.029187476714754235,0.5066827474395983
2020-01-24,2020-02-28,MDT,1915000000,1.43,1340500000,7717000000,2398000000,51808000000,25576000000,21867000000,3709000000,2114000000,2407000000,38.64826557254756,0.03696340333539222,0.0211161221316808,0.015527191770051397,0.49366893143915996
2020-04-24,2020-06-19,MDT,646000000,0.48,1340600000,5998000000,1039000000,50737000000,24797000000,20657000000,4140000000,1114000000,1450000000,37.84648664776966,0.012732325521808542,0.006879219645177092,0.008891066975046059,0.48873603090446816
2020-07-31,2020-09-03,MDT,487000000,0.36,1341900000,6507000000,1424000000,50296000000,28690000000,22191000000,6499000000,-56000000,278000000,37.48118339667636,0.00968267854302529,0.005078947917318483,0.012916076248811775,0.5704230952759662
2020-10-30,2020-12-03,MDT,489000000,0.36,1344400000,7647000000,1666000000,50164000000,30008000000,23588000000,6420000000,1580000000,1861000000,37.313299613210354,0.009748026473168008,0.00502724375449779,0.019374601011097895,0.5981979108524041
2021-01-29,2021-03-05,MDT,1270000000,0.94,1346400000,7775000000,2041000000,50758000000,30323000000,25246000000,5077000000,1993000000,2356000000,37.699049316696374,0.025020686394262973,0.013643737309712837,0.019602450176884556,0.5974033649868001
2021-04-30,2021-06-25,MDT,1361000000,1.01,1347300000,8188000000,2392000000,51428000000,26389000000,22796000000,3593000000,1368000000,1745000000,38.17115712907296,0.026464182935365947,0.014825385067863446,0.01206448304693725,0.5131251458349537
2021-07-30,2021-09-02,MDT,763000000,0.57,1344500000,7987000000,1641000000,51486000000,25964000000,22960000000,3004000000,914000000,1292000000,38.293789512830045,0.014819562599541623,0.008315532499237107,0.019302149880000407,0.504292429009828
2021-10-29,2021-12-02,MDT,1311000000,0.97,1345100000,7847000000,2305000000,51991000000,25623000000,22723000000,2900000000,1498000000,1769000000,38.65214482194632,0.025215902752399454,0.014280423510958129,0.021560362432969268,0.4928352984170337
2022-01-28,2022-03-03,MDT,1480000000,1.1,1343700000,7763000000,2398000000,52542000000,25155000000,21676000000,3479000000,1898000000,2228000000,39.10247823174816,0.028167941837006584,0.016267132698035855,0.02189739717750882,0.4787598492634464
2022-04-29,2022-06-23,MDT,1485000000,1.11,1337600000,8089000000,2433000000,52551000000,24114000000,20400000000,3714000000,1668000000,2057000000,39.28752990430622,0.02825826340126734,0.016515781747002693,0.01478260928936134,0.4588685277159331
2022-07-29,2022-09-01,MDT,929000000,0.7,1329400000,7371000000,1876000000,52672000000,23210000000,21070000000,2140000000,657000000,1083000000,39.62088160072213,0.017637454434993923,0.009963428105661672,0.006412631698873792,0.4406515795868773
2022-10-28,2022-12-01,MDT,427000000,0.32,1329400000,7585000000,2184000000,51880000000,26617000000,21789000000,4828000000,599000000,922000000,39.02512411614262,0.00823053199691596,0.0045360868549089595,0.01870892283543467,0.5130493446414803
2023-01-27,2023-03-01,MDT,1222000000,0.92,1330200000,7727000000,2221000000,51441000000,28128000000,23607000000,4521000000,1242000000,1574000000,38.671628326567436,0.023755370229972202,0.013436249285305889,0.017753365978161684,0.5468011897124861
2023-04-28,2023-06-22,MDT,1179000000,0.89,1330400000,8544000000,2417000000,51483000000,24364000000,22821000000,1543000000,2082000000,2460000000,38.69738424533975,0.022900763358778626,0.012988014453159426,0.012038405364997883,0.4732435949730979
2023-07-28,2023-08-31,MDT,791000000,0.59,1330500000,7702000000,2016000000,51178000000,24982000000,23643000000,1339000000,521000000,875000000,38.4652386320932,0.01545585993981789,0.008780401167760054,0.013844904049393418,0.48813943491343936
2023-10-27,2023-11-30,MDT,909000000,0.68,1330200000,7984000000,2165000000,51460000000,25080000000,23769000000,1311000000,200000000,661000000,38.685911892948425,0.01766420520792849,0.01000704566471443,0.020042246370068895,0.48736883015934707
2024-01-26,2024-02-27,MDT,1322000000,0.99,1329700000,8089000000,2309000000,51792000000,25182000000,23559000000,1623000000,2128000000,2474000000,38.95013912912687,0.025525177633611368,0.014691990531334393,0.010799350007696069,0.4862140871177016
2024-04-26,2024-06-20,MDT,654000000,0.49,1322300000,8589000000,1711000000,50214000000,25024000000,23740000000,1284000000,2351000000,2777000000,37.97474098162293,0.013024256183534472,0.007286989270075432,0.016037337217636095,0.4983470745210499
2024-07-26,2024-08-27,MDT,1042000000,0.81,1293300000,7915000000,2097000000,47947000000,27865000000,26554000000,1311000000,466000000,986000000,37.073378179849996,0.021732329447097836,0.011572377335021434,0.019453820178089914,0.5811625336308841
2024-10-25,2024-11-26,MDT,1270000000,0.99,1282400000,8403000000,2443000000,48494000000,28326000000,26932000000,1394000000,554000000,958000000,37.8150343106675,0.026188806862704663,0.01411534571482556,0.019283172876761293,0.5841134985771436
2025-01-24,2025-02-25,MDT,1294000000,1.01,1282400000,8292000000,2403000000,49387000000,26607000000,25367000000,1240000000,2096000000,2572000000,38.5113849033063,0.02620122704355397,0.014114310645724258,0.01616690532416588,0.5387450138700468
2025-04-25,2025-06-20,MDT,1057000000,0.82,1282300000,8927000000,2275000000,48024000000,28516000000,26298000000,2218000000,2069000000,2528000000,37.45145441784294,0.022009828419123773,0.011618959679901508,0.015980810613971812,0.5937864401132767
