date,filingDate,symbol,netIncome,eps,weightedAverageShsOut,revenue,ebitda,totalStockholdersEquity,totalDebt,netDebt,cashAndCashEquivalents,freeCashFlow,operatingCashFlow,bookValuePerShare,ROE,ROA,ROIC,debtToEquity
2015-09-30,2015-11-05,MET,1203000000,1.07,1118900000,18031000000,2465000000,70503000000,20049000000,9833000000,10216000000,2639000000,2639000000,63.010992939494145,0.01706310369771499,0.00136323459420257,0.016994446256835483,0.28437087783498577
2015-12-31,2016-02-25,MET,834000000,0.71,1110900000,17044000000,1435000000,67949000000,21317000000,8565000000,12752000000,4602000000,4602000000,61.16572148708254,0.012273911315839822,0.0009499585959293021,0.01391320629008149,0.3137205845560641
2016-03-31,2016-05-06,MET,2201000000,1.99,1100800000,18433000000,3234000000,75775000000,21183000000,7893000000,13290000000,1913000000,1913000000,68.83630087209302,0.02904651930056087,0.002399098348862254,0.029141702037553528,0.27955130320026395
2016-06-30,2016-08-05,MET,110000000,0.0582,1100300000,15244000000,206000000,79179000000,19857000000,2790000000,17067000000,4291000000,4291000000,71.96128328637644,0.0013892572525543388,0.0001167025792330943,-0.002864985543315156,0.2507861933088319
2016-09-30,2016-11-03,MET,577000000,0.52,1100500000,15573000000,1439000000,78286000000,19922000000,4039000000,15883000000,2928000000,2928000000,71.13675601999091,0.0073704110568939525,0.0006055174498165607,0.015443494410057991,0.25447717344097287
2016-12-31,2017-03-01,MET,-2088000000,-1.94,1100200000,12076000000,-3274000000,67309000000,19913000000,2036000000,12651000000,5533000000,5533000000,61.178876567896744,-0.03102111158983197,-0.0023231905149738974,-0.0256899629508653,0.29584453787754983
2017-03-31,2017-05-05,MET,873000000,0.75,1090400000,14964000000,1355000000,67929000000,19940000000,2529000000,17411000000,2098000000,2098000000,62.29732208363903,0.012851653932782758,0.0009544248469695098,0.01707855595563865,0.2935417862768479
2017-06-30,2017-08-04,MET,911000000,0.81,1074000000,15333000000,1302000000,69455000000,22912000000,5593000000,17319000000,3401000000,3401000000,64.66945996275605,0.013116406306241451,0.000984653031401893,0.014588070314762794,0.32988265783600895
2017-09-30,2017-11-06,MET,-91000000,-0.0819,1062300000,16171000000,769000000,56714000000,20046000000,7023000000,13023000000,4734000000,4734000000,53.38793184599454,-0.0016045420883732413,-0.0001262985503424634,0.0021642739679763284,0.3534577000387911
2017-12-31,2018-03-01,MET,2381000000,2.16,1052500000,15993000000,1332000000,58676000000,19307000000,6606000000,12701000000,2486000000,2486000000,55.74916864608076,0.04057877155907015,0.003307440560528524,0.04599563290065979,0.32904424296134704
2018-03-31,2018-05-08,MET,1253000000,1.2,1035900000,14805000000,1942000000,56310000000,19378000000,5451000000,13927000000,1296000000,1296000000,54.35852881552273,0.022251820280589592,0.0017583891863976737,0.02386766049303193,0.3441307050257503
2018-06-30,2018-08-07,MET,891000000,0.83,1015600000,21185000000,1410000000,53633000000,18161000000,1849000000,16312000000,5608000000,5608000000,52.80917684127609,0.016612906233102753,0.0012614446726968724,0.020635604919660225,0.3386161505043537
2018-09-30,2018-11-08,MET,912000000,0.89,986644069,16289000000,1346000000,51625000000,16844000000,4354000000,12490000000,3533000000,3533000000,52.32383351001525,0.017665859564164648,0.0013057465734890494,0.020390110212950403,0.3262760290556901
2018-12-31,2019-02-22,MET,2067000000,2.05,980300000,15662000000,2731000000,52741000000,16244000000,423000000,15821000000,-911000000,-911000000,53.800877282464555,0.03919152082819818,0.0030063792837632247,0.04286669158796094,0.3079956769875429
2019-03-31,2019-05-08,MET,1381000000,1.41,956500000,16302000000,1978000000,58509000000,13139000000,1781000000,14506000000,2072000000,2072000000,61.16989022477784,0.023603206344323096,0.0019363758223638087,0.027489962234754625,0.2245637423302398
2019-06-30,2019-08-06,MET,1741000000,1.78,946200000,17497000000,2571000000,63811000000,13504000000,-1782000000,18435000000,2387000000,2387000000,67.43923060663707,0.02728369716819984,0.0023778728077064387,0.033190784648217904,0.21162495494507216
2019-09-30,2019-11-05,MET,2184000000,2.31,929600000,18678000000,3014000000,68368000000,13585000000,-2718000000,19452000000,4146000000,4146000000,73.54561101549054,0.03194476948279897,0.0029401786723962458,0.03783907927555567,0.1987040720805055
2019-12-31,2020-02-21,MET,593000000,0.58,918700000,17143000000,187000000,66144000000,16851000000,253000000,16598000000,5320000000,5320000000,71.99738761293132,0.00896528785679729,0.0008008502788120406,-0.04475780206611418,0.2547623367198839
2020-03-31,2020-05-08,MET,4398000000,4.78,914100000,18310000000,5865000000,70221000000,14808000000,-6135000000,24094000000,1847000000,1847000000,76.81982277650148,0.06263083692912377,0.00596144175259339,0.07506586946715124,0.21087708805058317
2020-06-30,2020-08-07,MET,145000000,0.0748,908800000,14099000000,429000000,75693000000,14816000000,-6322000000,24289000000,846000000,846000000,83.28895246478874,0.001915632885471576,0.0001889046526564554,0.004932795925594887,0.19573804711135773
2020-09-30,2020-11-09,MET,706000000,0.7,908700000,16015000000,1152000000,73316000000,14890000000,-6363000000,24405000000,3793000000,3793000000,80.68229338615605,0.009629548802444213,0.0009045576380026958,0.013869778563740049,0.20309345845381635
2020-12-31,2021-02-19,MET,158000000,0.14,899900000,19418000000,394000000,74558000000,18149000000,-1646000000,19795000000,5022000000,5022000000,82.85142793643737,0.002119155556747767,0.00019870564651020063,0.0052060753491010876,0.2434212291102229
2021-03-31,2021-05-06,MET,358000000,0.33,878312175,15562000000,519000000,65864000000,14811000000,-1671000000,19635000000,1496000000,1496000000,74.98928271146873,0.005435442730474918,0.0004650474010605159,0.010606362567726417,0.22487246447224585
2021-06-30,2021-08-06,MET,3407000000,3.85,873300000,19586000000,4715000000,69138000000,14911000000,-6972000000,25037000000,2254000000,2254000000,79.16867055994504,0.04927825508403483,0.004406061146869136,0.060756719469038274,0.21567010905724782
2021-09-30,2021-11-09,MET,1584000000,1.78,854900000,16905000000,2282000000,69050000000,14356000000,-1445000000,18956000000,3506000000,3506000000,80.7696806644052,0.022939898624185374,0.0020796571716662467,0.027552491548695397,0.20790731354091238
2021-12-31,2022-02-18,MET,1205000000,1.4,838100000,20089000000,1530000000,67482000000,17430000000,-2617000000,20047000000,5571000000,5571000000,80.51783796682973,0.017856613615482648,0.0015861357258315036,0.021871671509055973,0.25829109984884857
2022-03-31,2022-05-05,MET,1634000000,1.91,830500000,15405000000,2160000000,53965000000,14171000000,-6161000000,23488000000,2040000000,2040000000,64.9789283564118,0.030278884462151396,0.002256021118787658,0.04097790260143427,0.26259612711942926
2022-06-30,2022-08-04,MET,910000000,1.09,809700000,15473000000,1214000000,37101000000,13873000000,-3518000000,20548000000,4393000000,4393000000,45.82067432382364,0.02452764076439988,0.0013727705677990265,0.036952002216301794,0.3739252311258457
2022-09-30,2022-11-03,MET,1162000000,1.38,795800000,22283000000,1654000000,25076000000,14703000000,-4339000000,22200000000,4310000000,4310000000,31.510429756220155,0.04633912904769501,0.0017874063226806787,0.07759893399950994,0.5863375338969533
2022-12-31,2023-02-23,MET,1343000000,1.69,779098414,16316000000,1975000000,29881000000,17980000000,-2215000000,20195000000,630000000,630000000,38.353306158828865,0.044944948294903114,0.0020254210704116595,0.055638248473990196,0.6017201566212643
2023-03-31,2023-05-04,MET,80000000,0.0182,769179074,15388000000,512000000,32194000000,14790000000,-507000000,18456000000,2026000000,2026000000,41.85501281591028,0.002484935081071007,0.0001186475367288281,0.005935870772601592,0.4594023731130024
2023-06-30,2023-08-04,MET,402000000,0.48,765900000,16623000000,686000000,30261000000,18574000000,2482000000,15417000000,3038000000,3038000000,39.510379945162555,0.013284425498165955,0.0005935515496567884,0.019477596671895248,0.6137933313505832
2023-09-30,2023-11-02,MET,489000000,0.56,751400000,15866000000,799000000,25658000000,15636000000,3884000000,14912000000,3475000000,3475000000,34.14692573862124,0.01905838335022215,0.0007498619885910569,0.028073916587663193,0.6094005768181464
2023-12-31,2024-02-16,MET,607000000,0.77,745454545,19028000000,1210000000,30015000000,18828000000,-1811000000,20639000000,5721000000,5721000000,40.26402441479514,0.020223221722472096,0.0008828012286498814,0.02799325575573501,0.6272863568215892
2024-03-31,2024-05-02,MET,867000000,1.11,723200000,16057000000,1309000000,28535000000,19851000000,11000000,19840000000,2328000000,2328000000,39.45658185840708,0.030383739267566146,0.0012795612595487443,0.03839601455821997,0.6956719817767654
2024-06-30,2024-08-01,MET,946000000,1.28,710500000,17823000000,1459000000,27252000000,15199000000,-2424000000,20786000000,3490000000,3490000000,38.3560872624912,0.03471304858359019,0.0013999363665287941,0.05339308706582959,0.557720534272714
2024-09-30,2024-11-01,MET,1342000000,1.82,699300000,18440000000,2251000000,30885000000,18845000000,-2920000000,21765000000,4169000000,4169000000,44.165594165594165,0.04345151367977983,0.0019036109030662037,0.054133274129558345,0.6101667476121094
2024-12-31,2025-02-21,MET,1271000000,1.79,696067416,18662000000,1640000000,27445000000,18715000000,-1353000000,20068000000,5129000000,5129000000,39.428652123546605,0.04631080342503188,0.0018761338358006486,0.0580300552947888,0.6819092730916378
2025-03-31,2025-05-01,MET,945000000,1.29,682300000,18569000000,1612000000,27493000000,15076000000,-6250000000,21326000000,4262000000,4262000000,40.29459182177928,0.034372385698177715,0.0013729159281492802,0.053241971584209756,0.5483577637944204
2025-06-30,2025-08-07,MET,729000000,1.04,670800000,17340000000,1249000000,27685000000,19906000000,-2272000000,22178000000,2187000000,2187000000,41.271615980918305,0.026331948708687016,0.0010377667373695674,0.03686105536536419,0.7190175185118295
