date,filingDate,symbol,netIncome,eps,weightedAverageShsOut,revenue,ebitda,totalStockholdersEquity,totalDebt,netDebt,cashAndCashEquivalents,freeCashFlow,operatingCashFlow,bookValuePerShare,ROE,ROA,ROIC,debtToEquity
2015-09-30,2015-11-05,META,896000000,0.32,2847027396,4501000000,1945000000,41420000000,126000000,-4182000000,4308000000,1412000000,2192000000,14.548507702523,0.021632061805890872,0.01928167165206912,0.0245151150638757,0.003042008691453404
2015-12-31,2016-01-28,META,1554000000,0.55,2865097070,5841000000,3103000000,44218000000,315000000,-4793000000,4907000000,2135000000,2827000000,15.433333991717076,0.035144058980505676,0.03145303297103649,0.03931629725023218,0.007123795739291691
2016-03-31,2016-04-28,META,1732000000,0.61,2894975245,5382000000,2562000000,47150000000,0,-6456000000,6456000000,1851000000,2983000000,16.28684047693817,0.0367338282078473,0.03325972155544887,0.04155134933587637,0.0
2016-06-30,2016-07-28,META,2276000000,0.8,2912046224,6436000000,3319000000,50383000000,0,-5108000000,5108000000,2203000000,3198000000,17.301579756791664,0.04517396740964214,0.04083316887637022,0.050058983529604244,0.0
2016-09-30,2016-11-03,META,2620000000,0.91,2923190383,7011000000,3708000000,54115000000,0,-6038000000,6038000000,2482000000,3577000000,18.512307756179425,0.04841541162339462,0.04390521835305158,0.05382983397340344,0.0
2016-12-31,2017-02-03,META,3560000000,1.24,2930593502,8809000000,5180000000,59194000000,0,-8903000000,8903000000,3661000000,4930000000,20.198638930852308,0.0601412305301213,0.05480211203645264,0.07148360802209236,0.0
2017-03-31,2017-05-04,META,3059000000,1.06,2939198278,8032000000,3998000000,62188000000,0,-7104000000,7104000000,3787000000,5058000000,21.15815066492088,0.04918955425484016,0.044517856623104465,0.05430208511251957,0.0
2017-06-30,2017-07-27,META,3890000000,1.34,2947970220,9321000000,5130000000,66481000000,0,-6252000000,6252000000,3916000000,5360000000,22.551448976306144,0.05851295858967224,0.05267933317985456,0.06339993534480654,0.0
2017-09-30,2017-11-02,META,4704000000,1.62,2954116986,10328000000,5894000000,71208000000,0,-7201000000,7201000000,4373000000,6128000000,24.10466489223863,0.06605999325918437,0.05954581128636168,0.07193771885363523,0.0
2017-12-31,2018-02-01,META,4268000000,1.47,2953308251,12972000000,8602000000,74347000000,340000000,-7739000000,8079000000,5408000000,7670000000,25.174141566436845,0.057406485803058634,0.05049453409682457,0.06655645429516435,0.004573150227984989
2018-03-31,2018-04-26,META,4988000000,1.72,2944409872,11966000000,6398000000,77620000000,98000000,-11984000000,12082000000,5048000000,7860000000,26.361818963497893,0.0642617881989178,0.05607959975265613,0.07381392260171124,0.0012625611955681525
2018-06-30,2018-07-26,META,5106000000,1.76,2930000000,13231000000,6897000000,79382000000,121000000,-11431000000,11552000000,2840000000,6299000000,27.09283276450512,0.06432188657378247,0.056550486759477686,0.07507835475936452,0.0015242750245647628
2018-09-30,2018-10-31,META,5137000000,1.78,2913000000,13727000000,6888000000,80342000000,70000000,-9567000000,9637000000,4153000000,7496000000,27.58050120151047,0.06393916009061264,0.05556396832951153,0.07097382832347646,0.0008712752981006198
2018-12-31,2019-01-31,META,6882000000,2.4,2886000000,16914000000,9502000000,84127000000,500000000,-9519000000,10019000000,3318000000,7684000000,29.15003465003465,0.08180489022549241,0.07070499517126595,0.09578321633054715,0.005943395105019791
2019-03-31,2019-04-25,META,2429000000,0.85,2857647000,15077000000,7672000000,86516000000,7210000000,-3866000000,11076000000,5471000000,9308000000,30.27525793073812,0.028075731656572196,0.022187308749783058,0.0533171303945657,0.0833371861852143
2019-06-30,2019-07-25,META,2616000000,0.92,2874725000,16886000000,8128000000,88762000000,7810000000,-6067000000,13877000000,4982000000,8615000000,30.87669255320074,0.02947207138189766,0.022357827803702376,0.04337934538832356,0.08798810301705685
2019-09-30,2019-10-31,META,6091000000,2.13,2873113000,17652000000,8601000000,93999000000,9132000000,-6847000000,15979000000,5775000000,9307000000,32.71677793389957,0.06479856168682646,0.04895593885129161,0.06851620377693851,0.09714996968052851
2019-12-31,2020-01-30,META,7349000000,2.58,2864207000,21082000000,11172000000,101054000000,10324000000,-8755000000,19079000000,4983000000,9083000000,35.281667840348135,0.07272349436934708,0.05509986804222649,0.08426749166533173,0.10216319987333505
2020-03-31,2020-04-30,META,4902000000,1.72,2866667000,17737000000,7490000000,105304000000,10344000000,-13274000000,23618000000,7443000000,11001000000,36.73394921698265,0.04655093823596444,0.03542649832696158,0.05355605817061167,0.09822988680392009
2020-06-30,2020-07-31,META,5178000000,1.82,2876667000,18687000000,7667000000,110447000000,10532000000,-10513000000,21045000000,623000000,3878000000,38.394085933477875,0.04688221499904932,0.03706752761452062,0.050394398779789025,0.0953579544940107
2020-09-30,2020-10-30,META,7846000000,2.75,2891000000,21470000000,9738000000,117731000000,10616000000,-1001000000,11617000000,6139000000,9828000000,40.72327914216534,0.06664344989849742,0.0535793549444471,0.06644634468284483,0.09017166251879284
2020-12-31,2021-01-28,META,11219000000,3.94,2890000000,28072000000,14638000000,128290000000,10654000000,-6922000000,17576000000,9427000000,14040000000,44.391003460207614,0.08745030789617274,0.07041979462200909,0.09045529312574806,0.08304622340010913
2021-03-31,2021-04-29,META,9497000000,3.34,2877879000,26171000000,13350000000,133657000000,11614000000,-7899000000,19513000000,7970000000,12242000000,46.44288380435731,0.07105501395362757,0.05807745699381738,0.07469742410994779,0.0868940646580426
2021-06-30,2021-07-29,META,10394000000,3.67,2877000000,29077000000,14353000000,138227000000,12007000000,-4179000000,16186000000,8634000000,13246000000,48.045533541883906,0.07519515000687275,0.060922929036569,0.07663466972147963,0.08686436079781808
2021-09-30,2021-10-26,META,9194000000,3.27,2855280000,29010000000,12418000000,133360000000,12640000000,-1856000000,14496000000,9778000000,14091000000,46.70645260709983,0.06894121175764847,0.05421470059262317,0.0689745336302763,0.09478104379124175
2021-12-31,2022-02-03,META,10285000000,3.72,2797078000,33671000000,14599000000,124879000000,13873000000,-2728000000,16601000000,12734000000,18104000000,44.646234391747385,0.08235972421303822,0.06196268382463687,0.0834169278262907,0.111091536607436
2022-03-31,2022-04-28,META,7465000000,2.74,2725000000,27908000000,11069000000,123228000000,14053000000,-833000000,14886000000,8635000000,14076000000,45.22128440366973,0.06057876456649463,0.045457866981695065,0.06102528742092528,0.11404064011425974
2022-06-30,2022-07-28,META,6687000000,2.47,2704000000,28822000000,10170000000,125767000000,16067000000,3386000000,12681000000,4625000000,12197000000,46.51146449704142,0.05316975041147519,0.03938649656317919,0.05180742539787256,0.1277521130344208
2022-09-30,2022-10-27,META,4395000000,1.64,2682000000,27714000000,7839000000,124094000000,25900000000,11592000000,14308000000,316000000,9691000000,46.26920208799403,0.0354167002433639,0.024567621049336477,0.0327685462221399,0.2087127500120876
2022-12-31,2023-02-02,META,4653000000,1.76,2638000000,32165000000,8775000000,125713000000,26591000000,11910000000,14681000000,5468000000,14511000000,47.65466262319939,0.037012878540803255,0.02505290022452309,0.03518435946003066,0.21152148146969685
2023-03-31,2023-04-27,META,5709000000,2.21,2587000000,28645000000,9886000000,124795000000,27575000000,16024000000,11551000000,7156000000,13998000000,48.23927328952455,0.04574702512119876,0.030944598923524726,0.04084656053412878,0.22096237830041268
2023-06-30,2023-07-27,META,7788000000,3.03,2568000000,31999000000,12032000000,134033000000,36218000000,7433000000,28785000000,11093000000,17309000000,52.19353582554517,0.058105093521744644,0.03767998142127264,0.05573928588389715,0.27021703610304926
2023-09-30,2023-10-26,META,11583000000,4.5,2576000000,34146000000,17018000000,142873000000,36217000000,-673000000,36890000000,13859000000,20402000000,55.463121118012424,0.08107200100788813,0.05355706187521385,0.082263281207678,0.2534908625142609
2023-12-31,2024-02-02,META,14017000000,5.46,2566000000,40111000000,20115000000,153168000000,37234000000,-4628000000,41862000000,11739000000,19404000000,59.691348402182385,0.09151389324140813,0.06104353657952383,0.09512874439551013,0.2430925519690797
2024-03-31,2024-04-25,META,12369000000,4.86,2545000000,36455000000,17684000000,149529000000,37633000000,5326000000,32307000000,12846000000,19246000000,58.75402750491159,0.08271973998354834,0.05550519646030407,0.08058995028278053,0.25167693223388105
2024-06-30,2024-08-01,META,13465000000,5.31,2534000000,39071000000,18871000000,156763000000,37991000000,5946000000,32045000000,11197000000,19370000000,61.863851617995266,0.08589399284269886,0.058482961109808114,0.08345632424490926,0.2423467272251743
2024-09-30,2024-10-31,META,15688000000,6.2,2529000000,40589000000,22057000000,164529000000,49047000000,5195000000,43852000000,16466000000,24724000000,65.05693950177935,0.09535097156124452,0.061183738416898066,0.09351119554861824,0.2981055011578506
2024-12-31,2025-01-30,META,20838000000,8.22,2534000000,48385000000,28263000000,182637000000,49060000000,5171000000,43889000000,13563000000,27988000000,72.07458563535911,0.11409517239113652,0.07548523115042709,0.11213620384581593,0.2686202686202686
2025-03-31,2025-05-01,META,16644000000,6.59,2527000000,42314000000,22522000000,185029000000,49519000000,20769000000,28750000000,11085000000,24026000000,73.22081519588444,0.0899534667538602,0.059397672484859734,0.0819313513071951,0.2676283177231677
2025-06-30,2025-07-31,META,18337000000,7.28,2518000000,47516000000,24876000000,195070000000,49560000000,37555000000,12005000000,9023000000,25561000000,77.4702144559174,0.09400215307325575,0.06221331053388703,0.07882643739924772,0.25406264417901264
