date,filingDate,symbol,netIncome,eps,weightedAverageShsOut,revenue,ebitda,totalStockholdersEquity,totalDebt,netDebt,cashAndCashEquivalents,freeCashFlow,operatingCashFlow,bookValuePerShare,ROE,ROA,ROIC,debtToEquity
2015-09-30,2015-10-29,MMC,323000000,0.61,528000000,3115000000,606000000,6248000000,4484000000,3154000000,1330000000,801000000,874000000,11.833333333333334,0.051696542893725994,0.018183865338062263,0.03813193058695552,0.7176696542893726
2015-12-31,2016-02-24,MMC,375000000,0.72,522000000,3338000000,708000000,6513000000,4414000000,3040000000,1374000000,832000000,908000000,12.477011494252874,0.05757715338553662,0.020586297760210804,0.0430989362431733,0.6777214801166896
2016-03-31,2016-05-02,MMC,481000000,0.92,521000000,3336000000,843000000,6679000000,5013000000,4095000000,918000000,-632000000,-581000000,12.81957773512476,0.07201676897739183,0.026533539276257723,0.04852952875971254,0.7505614612966013
2016-06-30,2016-08-01,MMC,472000000,0.91,521000000,3376000000,839000000,6624000000,4757000000,3783000000,974000000,747000000,810000000,12.714011516314779,0.07125603864734299,0.026111971675149368,0.049373748353890905,0.7181461352657005
2016-09-30,2016-10-28,MMC,379000000,0.73,518000000,3135000000,681000000,6671000000,4756000000,3368000000,1388000000,823000000,883000000,12.878378378378379,0.05681307150352271,0.0206449504303301,0.04167518107950422,0.7129365912157097
2016-12-31,2017-02-24,MMC,436000000,0.85,515000000,3364000000,744000000,6192000000,4807000000,3781000000,1026000000,816000000,895000000,12.023300970873786,0.07041343669250646,0.023969213853765804,0.047829138674420936,0.7763242894056848
2017-03-31,2017-04-28,MMC,569000000,1.1,515000000,3503000000,931000000,6532000000,5891000000,4961000000,930000000,-461000000,-399000000,12.683495145631069,0.08710961420698102,0.029996309768569773,0.054165194842891264,0.901867728107777
2017-06-30,2017-07-28,MMC,501000000,0.98,514000000,3495000000,887000000,6993000000,5641000000,4675000000,966000000,660000000,742000000,13.605058365758754,0.07164307164307164,0.025768953811336284,0.04711902726487678,0.8066638066638067
2017-09-30,2017-10-27,MMC,393000000,0.77,512000000,3341000000,717000000,7046000000,5488000000,4410000000,1078000000,721000000,794000000,13.76171875,0.05577632699403917,0.01995937023869985,0.03852632174401548,0.7788816349701958
2017-12-31,2018-02-22,MMC,29000000,0.06,510000000,3685000000,826000000,7359000000,5487000000,4282000000,1205000000,671000000,756000000,14.429411764705883,0.003940752819676587,0.0014195506387977876,0.0026263386927876846,0.7456176110884631
2018-03-31,2018-04-27,MMC,690000000,1.36,508000000,4000000000,1102000000,7940000000,6327000000,5159000000,1168000000,-422000000,-364000000,15.62992125984252,0.08690176322418136,0.03227466205154591,0.056672215052917474,0.7968513853904282
2018-06-30,2018-07-27,MMC,531000000,1.05,507000000,3734000000,909000000,7716000000,6252000000,5216000000,1036000000,700000000,777000000,15.218934911242604,0.06881804043545879,0.025095703955763504,0.045367509174984846,0.8102643856920684
2018-09-30,2018-10-26,MMC,276000000,0.55,504000000,3504000000,578000000,7453000000,6150000000,5199000000,951000000,819000000,906000000,14.787698412698413,0.03703206762377566,0.013062615362771547,0.026003999162393095,0.8251710720515228
2018-12-31,2019-02-21,MMC,153000000,0.3,504000000,3712000000,439000000,7511000000,5824000000,4758000000,1066000000,1017000000,1109000000,14.902777777777779,0.020370123818399682,0.007090555195106127,0.01828213965511219,0.7753960857409133
2019-03-31,2019-04-26,MMC,716000000,1.42,505000000,4071000000,1189000000,7909000000,14915000000,13798000000,1117000000,-349000000,-276000000,15.661386138613862,0.09052977620432419,0.023758171019013175,0.037748894561076524,1.885826273865217
2019-06-30,2019-08-02,MMC,332000000,0.66,507000000,4349000000,876000000,8065000000,15450000000,14156000000,1294000000,429000000,517000000,15.907297830374754,0.041165530068195906,0.010337526466558725,0.01944957881774407,1.9156850588964662
2019-09-30,2019-10-30,MMC,303000000,0.6,506000000,3968000000,717000000,7620000000,14866000000,13653000000,1213000000,927000000,1050000000,15.059288537549406,0.03976377952755906,0.009743705180564041,0.01900551628007742,1.9509186351706036
2019-12-31,2020-02-20,MMC,391000000,0.77,504000000,4264000000,828000000,7793000000,14224000000,13069000000,1155000000,933000000,1070000000,15.462301587301587,0.05017323238804055,0.012485231663313855,0.023629045755074914,1.8252277685102014
2020-03-31,2020-05-01,MMC,754000000,1.49,505000000,4651000000,1317000000,7295000000,15872000000,14392000000,1480000000,-756000000,-638000000,14.445544554455445,0.10335846470185059,0.024019623458953202,0.039827171893851904,2.1757368060315283
2020-06-30,2020-07-31,MMC,572000000,1.13,506000000,4189000000,1098000000,8226000000,15435000000,13724000000,1711000000,1134000000,1216000000,16.25691699604743,0.06953561876975443,0.017781093599428022,0.030855617914111143,1.87636761487965
2020-09-30,2020-10-30,MMC,316000000,0.62,507000000,3968000000,772000000,8668000000,14985000000,12597000000,2388000000,1343000000,1421000000,17.09664694280079,0.03645592985694508,0.009646498565235972,0.019244649554050534,1.728772496538994
2020-12-31,2021-02-17,MMC,374000000,0.74,507000000,4416000000,862000000,9104000000,13579000000,11490000000,2089000000,1313000000,1383000000,17.956607495069033,0.04108084358523726,0.01132303966091432,0.022765710257212635,1.4915421792618628
2021-03-31,2021-04-27,MMC,983000000,1.93,509000000,5083000000,1637000000,9434000000,13449000000,12329000000,1120000000,-477000000,-408000000,18.534381139489195,0.10419758320966716,0.030458897530443403,0.049950842326109295,1.4255882976468095
2021-06-30,2021-07-22,MMC,820000000,1.61,508000000,5017000000,1512000000,10108000000,13107000000,12219000000,888000000,1076000000,1158000000,19.89763779527559,0.08112386228729719,0.02488392559099323,0.04041044490117434,1.2966956865848833
2021-09-30,2021-10-21,MMC,537000000,1.06,506000000,4583000000,1002000000,9734000000,12983000000,11585000000,1398000000,1207000000,1324000000,19.23715415019763,0.05516745428395316,0.016281608149899946,0.029222628017445035,1.3337785083213478
2021-12-31,2022-02-16,MMC,803000000,1.59,504000000,5137000000,1248000000,11009000000,13162000000,11410000000,1752000000,1304000000,1442000000,21.84325396825397,0.0729403215550913,0.023351169012446202,0.04007907481849678,1.1955672631483332
2022-03-31,2022-04-21,MMC,1071000000,2.13,503000000,5549000000,1714000000,10937000000,13905000000,13133000000,772000000,-824000000,-702000000,21.743538767395627,0.09792447654749932,0.03179173592970791,0.04860367467545501,1.2713724055956843
2022-06-30,2022-07-21,MMC,967000000,1.93,501000000,5379000000,1594000000,10693000000,13864000000,12955000000,909000000,1165000000,1282000000,21.343313373253494,0.0904329935471804,0.028917464114832536,0.04495004476220337,1.2965491443000094
2022-09-30,2022-10-20,MMC,546000000,1.1,498000000,4770000000,1020000000,9565000000,13284000000,12482000000,802000000,1255000000,1383000000,19.20682730923695,0.05708311552535285,0.01705024513630828,0.029068000639338593,1.388813382122321
2022-12-31,2023-02-13,MMC,466000000,0.94,496000000,5022000000,942000000,10520000000,13472000000,12030000000,1442000000,1399000000,1502000000,21.20967741935484,0.04429657794676806,0.013929574938721828,0.025214223964870525,1.2806083650190114
2023-03-31,2023-04-20,MMC,1235000000,2.49,495000000,5924000000,1969000000,10953000000,14981000000,13975000000,1006000000,-903000000,-819000000,22.12727272727273,0.11275449648498129,0.03594504918796205,0.05432954601560186,1.3677531269971697
2023-06-30,2023-07-20,MMC,1035000000,2.09,495000000,5876000000,1708000000,11961000000,14630000000,13459000000,1171000000,1383000000,1484000000,24.163636363636364,0.08653122648607976,0.022226517201391575,0.045533022107211565,1.2231418777694172
2023-09-30,2023-10-19,MMC,730000000,1.48,494000000,5382000000,1255000000,11406000000,15595000000,12694000000,2901000000,1699000000,1810000000,23.089068825910932,0.06400140277047169,0.015208333333333334,0.035396867889171464,1.3672628441171313
2023-12-31,2024-02-12,MMC,756000000,1.53,493000000,5554000000,1385000000,12191000000,15436000000,12078000000,3358000000,1663000000,1783000000,24.72819472616633,0.06201296038060865,0.015740162398500936,0.03606346518773833,1.2661799688294644
2024-03-31,2024-04-18,MMC,1400000000,2.85,492000000,6473000000,2219000000,12422000000,15379000000,13927000000,1452000000,-868000000,-781000000,25.247967479674795,0.11270326839478345,0.02942907592701589,0.058636508476169455,1.238045403316696
2024-06-30,2024-07-18,MMC,1125000000,2.29,492000000,6221000000,1897000000,13367000000,15435000000,13782000000,1653000000,1135000000,1215000000,27.16869918699187,0.08416248971347348,0.02315243563622893,0.04617613108208788,1.1547093588688562
2024-09-30,2024-10-17,MMC,747000000,1.52,492000000,5697000000,1369000000,13688000000,14779000000,12981000000,1798000000,1839000000,1912000000,27.821138211382113,0.05457334891876096,0.014980747633563293,0.0323931076320677,1.0797048509643483
2024-12-31,2025-02-10,MMC,788000000,1.6,492000000,6067000000,1441000000,13342000000,21862000000,19464000000,2398000000,1880000000,1956000000,27.117886178861788,0.05906160995353021,0.01395159434145996,0.030006113967766902,1.6385849198021287
2025-03-31,2025-04-17,MMC,1381000000,2.81,492000000,7061000000,2299000000,14065000000,22419000000,20815000000,1604000000,-677000000,-622000000,28.58739837398374,0.09818698897973693,0.024221696044900466,0.04591022531547682,1.5939566299324563
2025-06-30,2025-07-17,MMC,1211000000,2.46,492000000,6974000000,2120000000,15767000000,21610000000,19933000000,1677000000,1612000000,1671000000,32.046747967479675,0.07680598718843154,0.020681410639569634,0.03957236114372845,1.3705841314137122
