date,filingDate,symbol,netIncome,eps,weightedAverageShsOut,revenue,ebitda,totalStockholdersEquity,totalDebt,netDebt,cashAndCashEquivalents,freeCashFlow,operatingCashFlow,bookValuePerShare,ROE,ROA,ROIC,debtToEquity
2015-09-30,2015-10-29,MO,1528000000,0.78,1958000000,4978000000,2357000000,2887000000,12921000000,11014000000,1907000000,2780000000,2843000000,1.4744637385086823,0.5292691375129892,0.04775149223413232,0.11078452826356912,4.4755801870453755
2015-12-31,2016-02-25,MO,1247000000,0.64,1948437500,4729000000,2574000000,2873000000,12919000000,10550000000,2369000000,1653000000,1720000000,1.4745148356054532,0.4340410720501218,0.038327954510527125,0.11776172699316809,4.496693351896972
2016-03-31,2016-04-28,MO,1217000000,0.62,1956000000,4530000000,2146000000,2745000000,12850000000,9035000000,3815000000,2663000000,2689000000,1.4033742331288344,0.44335154826958106,0.03572791592050025,0.11514633207313764,4.681238615664845
2016-06-30,2016-07-27,MO,1653000000,0.84,1954000000,4881000000,2460000000,3140000000,12837000000,12018000000,819000000,-1682000000,-1631000000,1.6069600818833163,0.5264331210191083,0.052771038181586,0.10382075966356172,4.088216560509554
2016-09-30,2016-10-27,MO,1093000000,0.56,1952000000,5193000000,2435000000,2944000000,13878000000,11580000000,2298000000,2391000000,2442000000,1.5081967213114753,0.37126358695652173,0.033187587295803726,0.10397884650560213,4.713994565217392
2016-12-31,2017-02-27,MO,10276000000,5.3,1939000000,4733000000,15775000000,12770000000,13881000000,9312000000,4569000000,230000000,291000000,6.585869004641568,0.8046985121378231,0.22372202386136028,0.46580254484483113,1.0870007830853563
2017-03-31,2017-05-02,MO,1401000000,0.72,1939000000,4589000000,2295000000,12260000000,13884000000,8656000000,5228000000,2632000000,2665000000,6.322846828261991,0.11427406199021208,0.030341093665403357,0.07190260438259607,1.132463295269168
2017-06-30,2017-07-27,MO,1989000000,1.03,1928155339,5068000000,2592000000,12418000000,13887000000,11632000000,2255000000,-775000000,-717000000,6.440352469962484,0.16017071992269286,0.04548781045602159,0.07222353201734645,1.1182960219036882
2017-09-30,2017-10-26,MO,1866000000,0.97,1915000000,5123000000,2648000000,12166000000,13890000000,11308000000,2582000000,2157000000,2217000000,6.353002610966057,0.15337826730231793,0.042255434782608695,0.07812098607955471,1.1417063948709518
2017-12-31,2018-02-27,MO,4966000000,2.62,1894000000,4714000000,3201000000,15377000000,13894000000,12641000000,1253000000,709000000,757000000,8.118796198521647,0.32294986018078947,0.11494838201935095,0.25561566386532414,0.9035572608441178
2018-03-31,2018-04-26,MO,1894000000,1.0,1894000000,4670000000,2371000000,15394000000,13897000000,11706000000,2191000000,2775000000,2809000000,8.127771911298838,0.1230349486813044,0.04314449076288754,0.06572949306135396,0.9027543198648824
2018-06-30,2018-07-26,MO,1876000000,0.99,1891000000,4879000000,2551000000,15796000000,13900000000,12470000000,1430000000,1003000000,1041000000,8.353252247488102,0.11876424411243353,0.04344905852653033,0.0649245874455813,0.8799696125601418
2018-09-30,2018-10-25,MO,1943000000,1.03,1883000000,5292000000,2619000000,15494000000,13903000000,11510000000,2393000000,2656000000,2716000000,8.228359001593203,0.1254033819543049,0.04420631128705663,0.0705263614661041,0.8973150897121467
2018-12-31,2019-05-29,MO,1250000000,0.67,1865671642,4786000000,2724000000,14786000000,25746000000,24413000000,1333000000,1719000000,1825000000,7.925295999112367,0.08453942918977411,0.022466659477335633,0.04973743959633772,1.7412417151359394
2019-03-31,2019-04-25,MO,1120000000,0.6,1874000000,4389000000,1953000000,14081000000,29168000000,25816000000,3352000000,2251000000,2289000000,7.513874066168623,0.07953980541154748,0.018908378775344823,0.03521435770988925,2.0714437895035864
2019-06-30,2019-07-30,MO,1996000000,1.07,1870000000,5193000000,2803000000,14464000000,29240000000,27444000000,1796000000,62000000,103000000,7.73475935828877,0.13799778761061948,0.034712439783655936,0.05038177583624803,2.021570796460177
2019-09-30,2019-10-31,MO,-2600000000,-1.39,1868000000,5412000000,3002000000,10545000000,27903000000,26299000000,1604000000,2801000000,2882000000,5.645074946466809,-0.24656235182550973,-0.04913726305444787,0.09773591745893885,2.6460881934566145
2019-12-31,2020-02-25,MO,-1809000000,-0.97,1857981554,4802000000,-5822000000,6319000000,28042000000,25925000000,2117000000,2477000000,2563000000,3.401002548381597,-0.2862794746004115,-0.03671530920825638,-0.27071254416066864,4.437727488526666
2020-03-31,2020-04-30,MO,1552000000,0.83,1858000000,5046000000,2448000000,6543000000,29971000000,24355000000,5616000000,3077000000,3129000000,3.5215285252960173,0.23720006113403638,0.029495609867345774,0.0567093624944314,4.5806205104692035
2020-06-30,2020-07-30,MO,1943000000,1.05,1858387522,5062000000,2861000000,5688000000,29042000000,24216000000,4826000000,1763000000,1817000000,3.06071792490221,0.34159634317862164,0.038705179282868526,0.07064383805956839,5.105836849507735
2020-09-30,2020-10-30,MO,-952000000,-0.51,1858419165,5678000000,48000000,3178000000,29255000000,25132000000,4123000000,842000000,898000000,1.7100555460533038,-0.29955947136563876,-0.020406850871363957,-0.0014591537257261972,9.20547514159849
2020-12-31,2021-02-26,MO,1924000000,1.03,1859000000,5055000000,-114000000,2839000000,29471000000,24526000000,4945000000,2472000000,2541000000,1.5271651425497579,0.6777034166960197,0.04057873202007846,-0.004947733472890027,10.38076787601268
2021-03-31,2021-04-29,MO,1424000000,0.77,1857000000,4880000000,2308000000,2913000000,29680000000,23888000000,5792000000,3014000000,3040000000,1.568659127625202,0.4888431170614487,0.029194685911103822,0.06145112015773458,10.188808788190869
2021-06-30,2021-07-29,MO,2149000000,1.16,1848646981,5614000000,3269000000,3257000000,28241000000,26364000000,1877000000,-388000000,-361000000,1.7618290747096403,0.6598096407737182,0.04841398576191763,0.07994430474816319,8.67086275713847
2021-09-30,2021-10-28,MO,-2722000000,-1.48,1840540540,5531000000,-2974000000,-1267000000,28127000000,25170000000,2957000000,3014000000,3063000000,-0.6883847285428443,2.1483820047355957,-0.06879991911839045,-0.1046263779666927,-22.199684293606946
2021-12-31,2022-02-25,MO,1624000000,0.89,1823175618,5086000000,2653000000,-1606000000,28044000000,23500000000,4544000000,2596000000,2663000000,-0.8808805822895773,-1.0112079701120797,0.04108999822887938,0.0845536468374737,-17.462017434620176
2022-03-31,2022-04-28,MO,1959000000,1.08,1817000619,4819000000,3006000000,-1760000000,27922000000,22569000000,5353000000,3030000000,3075000000,-0.968629279261682,-1.1130681818181818,0.04868895240462284,0.1040386619382887,-15.864772727272728
2022-06-30,2022-07-28,MO,891000000,0.49,1809000000,5374000000,1942000000,-2403000000,27680000000,25113000000,2567000000,-552000000,-514000000,-1.328358208955224,-0.3707865168539326,0.024247537146900342,0.04607834664625489,-11.51893466500208
2022-09-30,2022-10-27,MO,224000000,0.12,1799000000,5412000000,732000000,-4232000000,26291000000,23808000000,2483000000,3012000000,3076000000,-2.3524180100055587,-0.052930056710775046,0.00659735516743734,0.01906159977267456,-6.212429111531191
2022-12-31,2023-02-27,MO,2690000000,1.5,1785534122,5083000000,3063000000,-3973000000,26680000000,22650000000,4030000000,2561000000,2619000000,-2.225104494530629,-0.6770702240120815,0.07279320235969043,0.15979372788035026,-6.7153284671532845
2023-03-31,2023-04-27,MO,1787000000,1.0,1786000000,4763000000,2760000000,-3876000000,25387000000,21474000000,3913000000,2929000000,2984000000,-2.1702127659574466,-0.4610423116615067,0.04852549828925216,0.11092600505915791,-6.549793601651187
2023-06-30,2023-08-01,MO,2117000000,1.19,1782000000,5438000000,3125000000,-3827000000,27195000000,26321000000,874000000,76000000,124000000,-2.1475869809203143,-0.5531748105565717,0.056983661274259106,0.10273383427312618,-7.106088319832767
2023-09-30,2023-10-26,MO,2166000000,1.22,1773000000,5277000000,3260000000,-3407000000,25098000000,23561000000,1537000000,2912000000,2952000000,-1.9216018048505359,-0.6357499266216613,0.059392909046039104,0.11752490691005255,-7.3665981802172
2023-12-31,2024-06-05,MO,2060000000,1.16,1768214758,5024000000,3204000000,-3540000000,26233000000,22542000000,3686000000,3174000000,3227000000,-2.0020192592465627,-0.5819209039548022,0.05340938553279751,0.123875462412626,-7.41045197740113
2024-03-31,2024-04-25,MO,2129000000,1.21,1758000000,4717000000,3058000000,-5114000000,25042000000,21426000000,3608000000,2842000000,2877000000,-2.908987485779295,-0.41630817364098555,0.058368745716244,0.142550974844118,-4.896754008603833
2024-06-30,2024-07-31,MO,3803000000,2.21,1718000000,5277000000,5451000000,-3016000000,25023000000,23215000000,1799000000,-104000000,-75000000,-1.7555296856810245,-1.2609416445623343,0.11059411987088144,0.19779371742633456,-8.296750663129973
2024-09-30,2024-10-31,MO,2293000000,1.34,1703000000,5344000000,3367000000,-3468000000,25155000000,23258000000,1897000000,2580000000,2611000000,-2.0364063417498532,-0.6611880046136102,0.06711154037521586,0.12609012275956366,-7.253460207612457
2024-12-31,2025-02-26,MO,3039000000,1.8,1690652000,5106000000,3192000000,-2238000000,24926000000,21799000000,3127000000,3293000000,3340000000,-1.323749653979648,-1.3579088471849865,0.08639167637945248,0.17449345506941832,-11.137622877569259
2025-03-31,2025-04-29,MO,1077000000,0.63,1690000000,4519000000,2016000000,-3510000000,26059000000,21333000000,4726000000,2682000000,2720000000,-2.076923076923077,-0.30683760683760686,0.03011744966442953,0.06983455754211321,-7.424216524216524
2025-06-30,2025-07-30,MO,2378000000,1.41,1684000000,5290000000,3423000000,-3256000000,24720000000,23433000000,1287000000,2177000000,2209000000,-1.9334916864608076,-0.7303439803439803,0.0735494247185451,0.1282516629687433,-7.592137592137592
