date,filingDate,symbol,netIncome,eps,weightedAverageShsOut,revenue,ebitda,totalStockholdersEquity,totalDebt,netDebt,cashAndCashEquivalents,freeCashFlow,operatingCashFlow,bookValuePerShare,ROE,ROA,ROIC,debtToEquity
2015-09-30,2015-10-28,MPWR,11201000,0.28,39592000,91194000,16832000,354113000,0,-76616000,76616000,20295000,22050000,8.944054354415034,0.031631145990121796,0.026664032241554565,0.040795229022547105,0.0
2015-12-31,2016-02-29,MPWR,10109000,0.26,39615000,86918000,15380000,368516000,0,-90860000,90860000,16723000,24337000,9.302435945980058,0.027431644758979256,0.023439257103771288,0.03562136055094532,0.0
2016-03-31,2016-05-06,MPWR,10575000,0.26,40028000,84512000,13741000,381986000,0,-77808000,77808000,23524000,28870000,9.542969921055262,0.027684260679710776,0.023651791944747626,0.03318020813090187,0.0
2016-06-30,2016-07-29,MPWR,11198000,0.28,40387000,94079000,15072000,395140000,0,-82046000,82046000,1666000,14998000,9.783841335083071,0.028339322771675862,0.023894622962992995,0.03398087586181841,0.0
2016-09-30,2016-11-03,MPWR,14373000,0.35,40590000,106456000,18725000,416298000,0,-109479000,109479000,22561000,32919000,10.256171470805617,0.03452574838216854,0.029044813036519714,0.044693077616296754,0.0
2016-12-31,2017-03-01,MPWR,16574000,0.41,40739000,103618000,21354000,431116000,0,-112703000,112703000,22923000,30999000,10.582390338496282,0.03844440939329554,0.03242644670785677,0.04861346311602294,0.0
2017-03-31,2017-05-05,MPWR,14477000,0.35,41047000,100362000,17900000,451128000,0,-76826000,76826000,18468000,21892000,10.990523058932443,0.032090670497065134,0.026968875045640495,0.03584462654127397,0.0
2017-06-30,2017-07-31,MPWR,15014000,0.36,41323000,112198000,19279000,473793000,0,-71110000,71110000,7774000,24878000,11.4656002710355,0.03168894432800822,0.026430958056213757,0.03510629658942173,0.0
2017-09-30,2017-11-06,MPWR,23642000,0.57,41458000,128939000,28188000,505523000,0,-104424000,104424000,29098000,33678000,12.193617637126732,0.046767407219849545,0.03907684628264186,0.056762675513271715,0.0
2017-12-31,2018-03-01,MPWR,12071000,0.29,41574000,129430000,29402000,522007000,0,-82759000,82759000,12708000,53373000,12.556092750276616,0.023124210978013704,0.01852951966929006,0.02613582469719102,0.0
2018-03-31,2018-05-08,MPWR,21856000,0.52,41922000,129150000,25323000,558306000,0,-76016000,76016000,8892000,16292000,13.317732932589093,0.039146991076578076,0.03132277680085186,0.04550060301884658,0.0
2018-06-30,2018-08-02,MPWR,24206000,0.57,42237000,139761000,28597000,579020000,0,-83075000,83075000,19820000,25418000,13.708833487226839,0.04180511899416255,0.03362168589017046,0.045942077004110925,0.0
2018-09-30,2018-11-02,MPWR,31568000,0.75,42362000,159975000,37064000,610164000,0,-131094000,131094000,47092000,52151000,14.403569236579953,0.05173691007663513,0.041365014014154364,0.0615792743075645,0.0
2018-12-31,2019-03-01,MPWR,27638000,0.65,42467000,153497000,36739000,640093000,0,-172704000,172704000,43121000,47590000,15.072715284809382,0.04317810068224461,0.03483348289456437,0.06058375625178363,0.0
2019-03-31,2019-05-10,MPWR,26181000,0.61,42749000,141363000,25250000,680251000,2154000,-179615000,181769000,-20521000,38836000,15.912676319913917,0.03848726425980998,0.030866213397877176,0.045903068316815274,0.003166478255820278
2019-06-30,2019-08-02,MPWR,20693000,0.48,43109000,151007000,24361000,704154000,1990000,-195022000,197012000,24795000,44057000,16.334268946159735,0.029387037494638956,0.023836758578664297,0.03750465574077406,0.0028260863390678743
2019-09-30,2019-11-01,MPWR,29528000,0.68,43308000,168813000,34547000,734428000,2508000,-202721000,205229000,62933000,72424000,16.958252516856007,0.04020543879046006,0.03223105764980052,0.05284267760271104,0.003414902481931517
2019-12-31,2020-02-28,MPWR,32437000,0.75,43496000,166738000,35735000,773491000,2357000,-170603000,172960000,52309000,60986000,17.783037520691558,0.04193584670022017,0.03391661220755457,0.051000325464098474,0.003047223561747971
2020-03-31,2020-05-11,MPWR,35756000,0.8,44455000,165778000,37655000,813190000,2226000,-152654000,154880000,41467000,51419000,18.29243054774491,0.043970043901179305,0.03548968540075275,0.06163058093597954,0.0027373676508565033
2020-06-30,2020-08-03,MPWR,30167000,0.67,44785000,186209000,34538000,848945000,3429000,-153054000,156483000,44746000,59330000,18.956012057608575,0.035534693060210024,0.028163057634049228,0.03927339321054524,0.004039130921319991
2020-09-30,2020-11-06,MPWR,55566000,1.24,44970000,259422000,66776000,914569000,3094000,-176372000,179466000,57784000,77406000,20.337313764732045,0.06075648748208173,0.04784834848022981,0.07448580192613431,0.0033830142941647925
2020-12-31,2021-03-01,MPWR,42887000,0.95,45148000,233043000,46903000,966587000,3099000,-331845000,334944000,68167000,79648000,21.409298307787722,0.04436951872930217,0.03548805907532617,0.0630948759597633,0.0032061262979949036
2021-03-31,2021-05-10,MPWR,45413000,1.0,45498000,254455000,53243000,1021577000,5407000,-212961000,218368000,58087000,77057000,22.453228713350036,0.04445381992742593,0.03471432327976322,0.05505484866008009,0.005292797312390549
2021-06-30,2021-08-09,MPWR,55169000,1.2,45796000,293317000,69344000,1087355000,5550000,-214660000,220210000,57648000,96946000,23.74344920953795,0.05073687985984338,0.040181618087809755,0.06179178455576559,0.005104128826372252
2021-09-30,2021-11-08,MPWR,68770000,1.5,45970000,323522000,88279000,1162713000,5780000,-220311000,226091000,98427000,117801000,25.292864911899066,0.05914615214588639,0.04597229362103508,0.07543413512609055,0.00497113217105167
2021-12-31,2022-02-25,MPWR,72671000,1.58,46139000,336504000,86475000,1243985000,0,-189265000,189265000,10610000,28206000,26.96168100739071,0.058417906968331615,0.04582535904024719,0.06569790250522797,0.0
2022-03-31,2022-05-10,MPWR,79566000,1.71,46424000,377714000,105254000,1326112000,0,-260604000,260604000,80542000,107419000,28.565224883680855,0.059999457059433894,0.04642175146632314,0.07516998301446831,0.0
2022-06-30,2022-08-05,MPWR,114679000,2.46,46675000,461004000,151458000,1423122000,0,-342867000,342867000,93393000,105237000,30.490026780931977,0.08058269073206654,0.06422100551438573,0.11011079054385169,0.0
2022-09-30,2022-11-09,MPWR,124337000,2.66,46829000,495418000,161530000,1530709000,0,-316210000,316210000,-25466000,-18185000,32.687202374596936,0.08122837195051444,0.0643825849035403,0.1023738237971174,0.0
2022-12-31,2023-02-24,MPWR,119090000,2.54,46979000,460012000,148843000,1668602000,1664000,-286943000,288607000,39362000,52203000,35.51803997530811,0.07137112385098424,0.05784198728923665,0.08577342613686215,0.0009972420025865965
2023-03-31,2023-05-05,MPWR,109802000,2.32,47234000,451065000,134263000,1776261000,0,-488972000,488972000,209953000,218807000,37.605559554558155,0.06181636595072458,0.04931262240916964,0.08181010401563617,0.0
2023-06-30,2023-08-04,MPWR,99504000,2.1,47489000,441128000,122278000,1839089000,0,-506959000,506959000,82358000,90185000,38.72663143043652,0.05410504874967987,0.04480910736641118,0.07058385958714555,0.0
2023-09-30,2023-11-08,MPWR,121163000,2.54,47780000,474867000,145566000,1944864000,0,-421178000,421178000,148817000,175908000,40.70456257848472,0.06229895766490613,0.05204397254572312,0.07819928823775679,0.0
2023-12-31,2024-02-29,MPWR,96905000,2.02,47936000,454012000,119797000,2049939000,5565000,-522278000,527843000,139507000,153313000,42.76408127503338,0.04727213834167748,0.03980729171159647,0.0581400600467717,0.0027147149256636417
2024-03-31,2024-05-03,MPWR,92541000,1.9,48635000,457885000,103738000,2113557000,5920000,-482353000,488273000,232060000,248051000,43.457530584969675,0.04378448274638441,0.03588667317381891,0.051578558320710656,0.002800965386786351
2024-06-30,2024-08-02,MPWR,100366000,2.06,48687000,507431000,125227000,2195858000,13045000,-537430000,550475000,109468000,140975000,45.10152607472221,0.0457069628363947,0.037900678667075506,0.05685390966454347,0.0059407302293682015
2024-09-30,2024-11-06,MPWR,144430000,2.96,48757000,620119000,173473000,2351690000,13482000,-686865000,700347000,197885000,231703000,48.2328691264844,0.061415407643014175,0.05059304875400211,0.08163839823770128,0.005732898468760764
2024-12-31,2025-03-03,MPWR,1449363000,30.0,48317000,621665000,173350000,3145767000,12974000,-678842000,691816000,102879000,167681000,65.10683610323488,0.4607343773394533,0.40069785244907724,0.5659484842031853,0.004124272395253686
2025-03-31,2025-05-05,MPWR,133791000,2.8,47851000,637554000,180208000,3267010000,14473000,-622881000,637354000,216045000,256387000,68.27464420806253,0.04095212441957631,0.03515487051206592,0.04910623029237854,0.0044300445973535435
2025-06-30,2025-08-04,MPWR,133726000,2.79,47869000,664574000,177878000,3402068000,15938000,-771444000,787382000,187494000,237637000,71.0703795775972,0.0393072684026304,0.03366539029910302,0.047324311543839405,0.004684797599577669
