date,filingDate,symbol,netIncome,eps,weightedAverageShsOut,revenue,ebitda,totalStockholdersEquity,totalDebt,netDebt,cashAndCashEquivalents,freeCashFlow,operatingCashFlow,bookValuePerShare,ROE,ROA,ROIC,debtToEquity
2015-09-30,2015-11-05,MRK,1826000000,0.65,2802234464,10073000000,4132000000,45587000000,26667000000,19119000000,7548000000,2989000000,3305000000,16.268089121610345,0.040055278917235176,0.018037774616721985,0.030245090076625396,0.5849693991708163
2015-12-31,2016-02-26,MRK,977000000,0.35,2781128073,10215000000,2545000000,44676000000,26412000000,17888000000,8524000000,3754000000,4247000000,16.063985126656913,0.02186856477750918,0.009608859427402461,0.01894667703408964,0.5911899006177813
2016-03-31,2016-05-09,MRK,1125000000,0.41,2769552710,9312000000,3357000000,43806000000,25769000000,16053000000,9716000000,1879000000,2158000000,15.816994506668912,0.025681413504999317,0.011391828261860158,0.020877057801761887,0.5882527507647354
2016-06-30,2016-08-08,MRK,1205000000,0.44,2765627486,9844000000,3225000000,43357000000,24286000000,17678000000,6608000000,1240000000,1615000000,15.677093252608786,0.0277925133196485,0.012490282456594972,0.02206044796410849,0.5601402311045506
2016-09-30,2016-11-07,MRK,2184000000,0.79,2761661188,10536000000,4232000000,43744000000,25143000000,17236000000,7907000000,2562000000,2971000000,15.839741743149704,0.049926847110460866,0.022209793054355012,0.03799343433763936,0.5747759692757864
2016-12-31,2017-02-28,MRK,-595000000,0.43,2748731322,10115000000,-21000000,40088000000,24842000000,18327000000,6515000000,3081000000,3632000000,14.584182775212687,-0.014842346836958691,-0.006238401291716033,-0.008714878815675753,0.6196866892835762
2017-03-31,2017-05-09,MRK,1551000000,0.57,2740435881,9434000000,3378000000,39837000000,28474000000,16766000000,11708000000,-53000000,286000000,14.536738580967368,0.038933654642668875,0.016062385435113555,0.02998752582219722,0.71476265783066
2017-06-30,2017-08-08,MRK,1946000000,0.71,2727128779,9930000000,3794000000,39463000000,24887000000,17101000000,7786000000,2924000000,3317000000,14.470530436215972,0.04931201378506449,0.020968923753286496,0.03722127455345694,0.6306413602615107
2017-09-30,2017-11-07,MRK,-56000000,-0.0205,2727000000,10325000000,1543000000,38248000000,26995000000,19094000000,7901000000,-1612000000,-1171000000,14.025669233590026,-0.0014641288433382138,-0.0006108468955888128,-0.0017298838547661391,0.7057885379627693
2017-12-31,2018-02-27,MRK,-1046000000,-0.32,2696611608,10433000000,3197000000,34336000000,24410000000,18318000000,6092000000,3300000000,4015000000,12.733016463377918,-0.030463653308480894,-0.011903678077203205,-0.02170699443825115,0.7109156570363467
2018-03-31,2018-05-08,MRK,736000000,0.27,2692481383,10037000000,2667000000,33668000000,23556000000,19073000000,4483000000,705000000,1155000000,12.50445043467177,0.021860520375430677,0.008554061435827105,0.015982289548652887,0.699655459189735
2018-06-30,2018-08-07,MRK,1707000000,0.64,2670041946,10465000000,3570000000,32529000000,23338000000,18028000000,5310000000,2799000000,3382000000,12.182954671828965,0.05247625195978973,0.02007290686735654,0.03709851544304597,0.7174521196470841
2018-09-30,2018-11-06,MRK,1950000000,0.73,2658739396,10794000000,3949000000,32422000000,23592000000,15766000000,7826000000,2140000000,2793000000,12.19450091602735,0.060144346431435444,0.022906143545166218,0.043529400405011576,0.7276540620566282
2018-12-31,2019-02-27,MRK,1827000000,0.7,2592559543,10998000000,3902000000,26701000000,25114000000,17149000000,7965000000,2663000000,3592000000,10.299088432546755,0.06842440358039024,0.022108740636760774,0.04370826743173821,0.9405640238193326
2019-03-31,2019-05-08,MRK,2915000000,1.13,2583071214,10816000000,4174000000,27539000000,26969000000,18893000000,8076000000,741000000,1336000000,10.661339823207832,0.10584988561676169,0.035395973480340966,0.06583886808216319,0.9793020806855732
2019-06-30,2019-08-06,MRK,2670000000,1.04,2566795022,11760000000,4465000000,27635000000,27588000000,20929000000,6659000000,2302000000,3084000000,10.766344707364794,0.09661660937217297,0.031798963853986784,0.05833603062148021,0.9982992581870817
2019-09-30,2019-11-05,MRK,1901000000,0.75,2550888630,12397000000,3423000000,26838000000,27111000000,19242000000,7869000000,3267000000,4226000000,10.521039485757557,0.0708324018183173,0.02281263875388511,0.04545776153363632,1.010172143974961
2019-12-31,2020-02-26,MRK,2356000000,0.93,2539016026,11868000000,3946000000,25907000000,27351000000,17675000000,9676000000,3657000000,4794000000,10.203559069618885,0.09094067240514146,0.027915684206784603,0.058474056680051976,1.055737831474119
2020-03-31,2020-05-06,MRK,3219000000,1.28,2524013328,12057000000,4871000000,26205000000,27998000000,20573000000,7425000000,-279000000,707000000,10.382274811823022,0.12283915283342874,0.037909389610542556,0.0726155080049366,1.068422056859378
2020-06-30,2020-08-05,MRK,3002000000,1.19,2529168427,9353000000,3925000000,27642000000,30874000000,19771000000,11103000000,2699000000,3367000000,10.929283991097364,0.1086028507343897,0.03312917287424819,0.05323023602368602,1.1169235221763982
2020-09-30,2020-11-05,MRK,2941000000,1.16,2529760132,10929000000,3716000000,29186000000,28741000000,21385000000,7356000000,657000000,2173000000,11.537062202385913,0.10076749126293429,0.03275055679287305,0.04944519543940498,0.9847529637497431
2020-12-31,2021-02-25,MRK,-2094000000,-0.83,2530225827,12515000000,-882000000,25317000000,33417000000,25367000000,8050000000,2492000000,4006000000,10.005826250701693,-0.08271122170873327,-0.022863257195265756,-0.036970668747767374,1.3199431212228938
2021-03-31,2021-05-05,MRK,3179000000,1.26,2531303747,10627000000,4079000000,26945000000,31253000000,24272000000,6981000000,657000000,1791000000,10.644712248355868,0.11798107255520504,0.034992900150802995,0.057267397124789454,1.1598812395620708
2021-06-30,2021-08-09,MRK,1545000000,0.61,2533000000,11402000000,2647000000,33294000000,26521000000,17946000000,8575000000,1556000000,2490000000,13.144097907619424,0.0464047576139845,0.017036432604093155,0.026479772236763555,0.7965699525440019
2021-09-30,2021-11-05,MRK,4567000000,1.81,2530000000,13154000000,6221000000,35794000000,26441000000,16425000000,10016000000,3625000000,4797000000,14.147826086956522,0.12759121640498408,0.04884805442060453,0.09079323940766656,0.7386992233335196
2021-12-31,2022-02-25,MRK,3758000000,1.49,2527000000,13521000000,4953000000,38184000000,34631000000,26535000000,8096000000,3823000000,5031000000,15.110407597942224,0.09841818562748796,0.03555547145533332,0.06224532763835912,0.9069505552063691
2022-03-31,2022-05-05,MRK,4310000000,1.7,2528000000,15901000000,6224000000,40883000000,31794000000,23238000000,8556000000,3777000000,4761000000,16.172072784810126,0.1054227918694812,0.040405744928188395,0.07052768513304478,0.7776826553824328
2022-06-30,2022-08-05,MRK,3944000000,1.56,2531000000,14593000000,5665000000,43243000000,31663000000,21988000000,9675000000,3173000000,4302000000,17.085341762149348,0.0912055130310108,0.036827116111863296,0.06377678610868563,0.7322109936868395
2022-09-30,2022-11-03,MRK,3248000000,1.28,2533000000,14959000000,4786000000,44458000000,30418000000,19273000000,11145000000,4476000000,5602000000,17.551519936833795,0.07305771739619416,0.030332178444355207,0.05451863632821797,0.6841963201223626
2022-12-31,2023-02-24,MRK,3017000000,1.19,2536000000,13830000000,4640000000,45991000000,31985000000,19291000000,12694000000,3281000000,4430000000,18.1352523659306,0.06559979126350808,0.0276383290582631,0.04932274249919766,0.6954621556391468
2023-03-31,2023-05-05,MRK,2821000000,1.11,2538000000,14487000000,4883000000,46834000000,30746000000,21039000000,9707000000,332000000,1339000000,18.45311268715524,0.060234018021095785,0.02616980221900627,0.04438143841974001,0.6564888756031942
2023-06-30,2023-08-07,MRK,-5975000000,-2.35,2539000000,15035000000,-4155000000,38693000000,36911000000,31251000000,5660000000,2739000000,3704000000,15.239464356045687,-0.15442069624996768,-0.05719400013401105,-0.08094941879330216,0.9539451580389218
2023-09-30,2023-11-03,MRK,4745000000,1.87,2537000000,15962000000,6951000000,41246000000,34859000000,26254000000,8605000000,6815000000,7717000000,16.257784785179346,0.1150414585656791,0.0444592277493043,0.07433965994464214,0.8451486204722882
2023-12-31,2024-02-26,MRK,-1226000000,-0.48,2554166667,14630000000,-772000000,37581000000,36268000000,29427000000,6841000000,-743000000,246000000,14.713605218308176,-0.03262286793858599,-0.011492852120928052,-0.015524152701803132,0.9650621324605518
2024-03-31,2024-05-03,MRK,4762000000,1.88,2533000000,15775000000,6957000000,40364000000,34219000000,28640000000,5579000000,2229000000,3090000000,15.935254638768258,0.11797641462689526,0.04498861585843985,0.07277468616956183,0.8477603805371122
2024-06-30,2024-08-05,MRK,5455000000,2.15,2534000000,16112000000,7448000000,43582000000,37788000000,26484000000,11304000000,4846000000,5637000000,17.19889502762431,0.12516635308154742,0.04843292195684986,0.08196371702209056,0.8670552062778211
2024-09-30,2024-11-06,MRK,3157000000,1.25,2541000000,16657000000,5606000000,44502000000,38131000000,23538000000,14593000000,8508000000,9291000000,17.51357733175915,0.07094063188171318,0.026860769832896574,0.050206408139035145,0.8568378949260708
2024-12-31,2025-02-25,MRK,3743000000,1.48,2541000000,15624000000,5695000000,46313000000,38270000000,25028000000,13242000000,2513000000,3450000000,18.2262888626525,0.08081964027378921,0.03196249551688214,0.05660829097336644,0.8263338587437653
2025-03-31,2025-05-02,MRK,5079000000,2.02,2516082000,15529000000,7315000000,48335000000,34844000000,26215000000,8629000000,1172000000,2500000000,19.210423189705264,0.1050791352022344,0.04411841350914682,0.07182597533362124,0.720885486707355
2025-06-30,2025-08-05,MRK,4427000000,1.77,2503140000,15806000000,6423000000,48993000000,35402000000,27395000000,8007000000,2529000000,3293000000,19.572616793307606,0.09035984732512808,0.03766922219480442,0.06150392774266222,0.7225930234931521
