date,filingDate,symbol,netIncome,eps,weightedAverageShsOut,revenue,ebitda,totalStockholdersEquity,totalDebt,netDebt,cashAndCashEquivalents,freeCashFlow,operatingCashFlow,bookValuePerShare,ROE,ROA,ROIC,debtToEquity
2017-03-31,2017-03-31,MRNA,-80075500,-1.25,64093777,35724000,-75083000,841851000,0,1058138000,-1058138000,-101640000,-92968500,13.134676085636208,-0.09511837605467001,-inf,-0.035722362202147084,0.0
2017-12-31,2017-12-31,MRNA,-37944000,-0.13,296680997,91904000,-35913000,625296000,15687000,-119172000,134859000,-114887000,-102927000,2.107637517478074,-0.06068166116527213,-0.034987906746864195,-0.08227300407139915,0.025087318645889308
2018-03-31,2018-03-31,MRNA,-72376000,-0.19,395000000,29039000,-67196000,625296000,0,756029000,-756029000,-143294000,-111385000,1.5830278481012658,-0.1157467823238914,-inf,-0.052241195779917225,0.0
2018-06-30,2018-06-30,MRNA,-90601000,-0.24,395000000,28851000,-84592000,1148852000,26683000,-113936000,140619000,-82329000,-48249000,2.908486075949367,-0.07886220331252415,-0.05656315806231493,-0.08757043776290005,0.02322579409706385
2018-09-30,2018-09-30,MRNA,-80331000,-0.27,324411226,41757000,-73850000,1076432000,26892000,-140168000,167060000,-106351000,-80211000,3.3181095897094512,-0.07462710138680381,-0.05394383410781917,-0.0857995180846428,0.02498253489305409
2018-12-31,2019-03-13,MRNA,-141426000,-0.44,328798904,35421000,-132383000,1530241000,33489000,-624875000,658364000,-104657000,-91020000,4.6540331533465205,-0.09242073634153052,-0.07207709506260737,-0.15452224437124132,0.021884788082400092
2019-03-31,2019-05-09,MRNA,-132576000,-0.4,328809986,16024999,-123820000,1446033000,33384000,-469550000,502934000,-151522000,-143927000,4.397777018852462,-0.09168255496243861,-0.07340022489116696,-0.13428217675620557,0.023086610056616965
2019-06-30,2019-08-08,MRNA,-135054000,-0.41,329176107,13083000,-126337000,1338554000,33588000,-118036000,151624000,-122806000,-112220000,4.066376542936635,-0.10089544388945086,-0.0801374727864051,-0.10939323968649776,0.025092749339959388
2019-09-30,2019-11-06,MRNA,-123194000,-0.37,330769341,17046000,-114529000,1251807000,33801000,-139910000,173711000,-113759000,-107048000,3.7845315294805393,-0.09841293426223052,-0.0774367197414795,-0.10932702426363847,0.02700176624671375
2019-12-31,2020-02-27,MRNA,-123290000,-0.37,334392128,14055000,-113475000,1174810000,132364000,-103512000,235876000,-102435000,-95773000,3.513270503784108,-0.1049446293443195,-0.07756907857070054,-0.11411176913718798,0.11266843149104962
2020-03-31,2020-05-07,MRNA,-124230000,-0.35,353000000,8389000,-115049000,1640874000,147849000,-243871000,391720000,-112414000,-106191000,4.648368271954674,-0.07570965229505738,-0.060085870123010865,-0.08773289279214373,0.09010381053024182
2020-06-30,2020-08-06,MRNA,-116713000,-0.31,377419354,66351000,-107087000,2946885000,167772000,-1593857000,1761629000,-42507000,-23875000,7.807985914786977,-0.03960554958880309,-0.03348043577664525,-0.08487083456142439,0.056931980718623224
2020-09-30,2020-10-30,MRNA,-233636000,-0.59,394915254,157910000,-221438000,2759798000,212294000,-1293287000,1505581000,873456000,892748000,6.9883297037698116,-0.08465692054273538,-0.050234869883568095,-0.15737453097635096,0.07692374586835703
2020-12-31,2021-02-26,MRNA,-272485000,-0.69,396000000,570745000,-259798000,2561000000,237000000,-2387000000,2624000000,1240988000,1264289000,6.467171717171717,-0.10639789144865287,-0.03713847621643723,-1.5457352492853096,0.09254197579070675
2021-03-31,2021-05-06,MRNA,1221000000,3.05,400000000,1743000000,1278000000,3838000000,234000000,-5208000000,5442000000,2936000000,2971000000,9.595,0.31813444502344973,0.09618717504332755,-0.8933628779979146,0.060969254820218866
2021-06-30,2021-08-05,MRNA,2780000000,6.93,402000000,4215000000,3137000000,6704000000,603000000,-5000000000,5603000000,4033000000,4063000000,16.676616915422887,0.4146778042959427,0.17210425307992325,1.6341185649099736,0.08994630071599045
2021-09-30,2021-11-04,MRNA,3333000000,8.27,404000000,4829000000,3626000000,10124000000,583000000,-4967000000,5550000000,3177000000,3276000000,25.059405940594058,0.329217700513631,0.15929837977345504,0.6470338139186307,0.057585934413275384
2021-12-31,2022-02-25,MRNA,4868000000,12.03,405000000,6949000000,5488000000,14145000000,916000000,-5932000000,6848000000,3190000000,3310000000,34.925925925925924,0.3441498762813715,0.19733268474603755,0.5933762195230364,0.06475786496995405
2022-03-31,2022-05-04,MRNA,3657000000,9.09,402000000,5940000000,4306000000,17075000000,947000000,-4101000000,5048000000,2631000000,2763000000,42.475124378109456,0.21417276720351391,0.13245680756275127,0.28227134735848547,0.055461200585651536
2022-06-30,2022-08-03,MRNA,2197000000,5.55,396000000,4566000000,2555000000,17985000000,887000000,-1986000000,2873000000,217000000,304000000,45.416666666666664,0.1221573533500139,0.08436048074338594,0.13759861102879156,0.049318876841812624
2022-09-30,2022-11-03,MRNA,1043000000,2.67,390000000,3220000000,1338000000,17992000000,1261000000,-1766000000,3027000000,163000000,252000000,46.13333333333333,0.057970208981769675,0.04002916794596254,0.06470209563538681,0.07008670520231214
2022-12-31,2023-02-24,MRNA,1465000000,3.81,385000000,5149000000,1745000000,19123000000,1200000000,-2005000000,3205000000,1570000000,1662000000,49.67012987012987,0.07660931862155519,0.0566555804779952,0.08609954222141743,0.06275166030434555
2023-03-31,2023-05-04,MRNA,79000000,0.2,386000000,1838000000,-218000000,18863000000,1108000000,-2333000000,3441000000,-1338000000,-1225000000,48.86787564766839,0.00418809309229709,0.0032746113989637307,0.004638164093104442,0.05873933096538197
2023-06-30,2023-08-03,MRNA,-1380000000,-3.62,381000000,344000000,-1646000000,16949000000,1168000000,-2633000000,3801000000,-1149000000,-915000000,44.485564304461946,-0.08142073278659508,-0.06305976969475416,-0.09567914991059434,0.06891262021358192
2023-09-30,2023-11-03,MRNA,-3630000000,-9.53,381000000,1831000000,-1699000000,13455000000,1455000000,-1477000000,2932000000,-1740000000,-1600000000,35.31496062992126,-0.2697881828316611,-0.18663239074550128,-0.3015078205173905,0.10813823857302118
2023-12-31,2024-02-23,MRNA,217000000,0.57,381000000,2813000000,278000000,13854000000,1243000000,-1664000000,2907000000,402000000,622000000,36.36220472440945,0.01566334632597084,0.011776837078041898,0.019327317473338802,0.08972138010682836
2024-03-31,2024-05-02,MRNA,-1175000000,-3.08,382000000,167000000,-1123000000,12817000000,1237000000,-814000000,2051000000,-1185000000,-989000000,33.55235602094241,-0.09167511898260124,-0.07023731245143165,-0.09738802781421954,0.09651244440976828
2024-06-30,2024-08-01,MRNA,-1279000000,-3.33,384000000,221000000,-1232000000,11712000000,1269000000,-1209000000,2478000000,-1456000000,-1274000000,30.5,-0.1092042349726776,-0.08156887755102041,-0.12120346567647339,0.10835040983606557
2024-09-30,2024-11-07,MRNA,13000000,0.0338,385000000,1855000000,79000000,11927000000,1355000000,-289000000,1644000000,-1717000000,-1566000000,30.97922077922078,0.001089963947346357,0.0008226286148199709,0.0014361819654825326,0.11360778066571645
2024-12-31,2025-02-21,MRNA,-1120000000,-2.91,385000000,956000000,-1118000000,10901000000,747000000,-1180000000,1927000000,303000000,825000000,28.314285714285713,-0.10274286762682323,-0.07919671899307029,-0.1146306269236009,0.06852582331896157
2025-03-31,2025-05-01,MRNA,-971000000,-2.52,386000000,107000000,-924000000,10066000000,745000000,-878000000,1623000000,-1164000000,-1037000000,26.077720207253886,-0.09646334194317505,-0.07643261964735516,-0.10557169553648363,0.07401152394198292
2025-06-30,2025-08-01,MRNA,-825000000,-2.13,388000000,142000000,-760000000,9399000000,741000000,-538000000,1279000000,-922000000,-919000000,24.22422680412371,-0.0877752952441749,-0.06869275603663613,-0.09299079590822562,0.07883817427385892
