date,filingDate,symbol,netIncome,eps,weightedAverageShsOut,revenue,ebitda,totalStockholdersEquity,totalDebt,netDebt,cashAndCashEquivalents,freeCashFlow,operatingCashFlow,bookValuePerShare,ROE,ROA,ROIC,debtToEquity
2015-09-30,2015-11-03,MS,1018000000,0.49,1904000000,7282000000,0,75287000000,231066000000,142174000000,88892000000,146000000,490000000,39.54149159663866,0.013521590712872076,0.0012204581393648103,-0.0012099020646924965,3.069135441709724
2015-12-31,2016-02-23,MS,908000000,0.4,1889000000,7281000000,0,75182000000,221413000000,167330000000,54083000000,11228000000,11637000000,39.79989412387506,0.012077358942300019,0.0011530671204434482,-0.0011079024486950874,2.945026735122769
2016-03-31,2016-05-04,MS,1134000000,0.56,1883000000,7327000000,0,76010000000,214534000000,160896000000,53638000000,3823000000,4138000000,40.36643653744026,0.014919089593474542,0.001404339582685756,-0.0011691769743112437,2.8224444152085253
2016-06-30,2016-08-03,MS,1582000000,0.76,1866000000,8425000000,0,77116000000,243339000000,187206000000,56133000000,11798000000,12128000000,41.32690246516613,0.02051454950982935,0.0019086156745363886,-0.0011665192056980577,3.1554930234970695
2016-09-30,2016-11-02,MS,1597000000,0.82,1838000000,8418000000,0,77149000000,242524000000,199972000000,42552000000,-8748000000,-8452000000,41.97442872687704,0.020700203502313705,0.0019621792107296925,-0.001182276937960867,3.1435793075736562
2016-12-31,2017-02-27,MS,1666000000,0.84,1806000000,8541000000,0,76050000000,251724000000,208343000000,43381000000,-5702000000,-5367000000,42.10963455149502,0.02190664036817883,0.0020442997046440942,-0.0009968271020894452,3.309980276134122
2017-03-31,2017-05-04,MS,1930000000,1.03,1801000000,9236000000,0,77924000000,262228000000,219374000000,42854000000,-1961000000,-1611000000,43.2670738478623,0.024767722396180893,0.0023186218976418535,-0.001036114942868436,3.365176325650634
2017-06-30,2017-08-03,MS,1757000000,0.89,1791000000,8978000000,0,78826000000,273848000000,229189000000,44659000000,-8232000000,-7859000000,44.01228364042434,0.022289599878212774,0.0020891398023343195,-0.0010041834258418378,3.474082155633928
2017-09-30,2017-11-03,MS,1781000000,0.95,1776000000,8675000000,0,78978000000,260991000000,212800000000,48191000000,2903000000,3357000000,44.4695945945946,0.022550583706855074,0.002086230061626369,-0.0011116304692899846,3.3046038137202767
2017-12-31,2018-02-27,MS,643000000,0.27,1752000000,8963000000,0,77391000000,260277000000,214113000000,46164000000,1156000000,1608000000,44.17294520547945,0.00830845964000982,0.0007549314163006482,-0.00037899566915403044,3.3631430011241616
2018-03-31,2018-05-04,MS,2668000000,1.48,1740000000,10450000000,0,78034000000,256814000000,204761000000,52053000000,12238000000,12648000000,44.84712643678161,0.034190224773816544,0.0031077641686905575,-0.0010911754004435052,3.2910526180895507
2018-06-30,2018-08-03,MS,2437000000,1.32,1720000000,10001000000,0,79109000000,252784000000,203901000000,48883000000,-13227000000,-12729000000,45.99360465116279,0.030805597340378466,0.002782360496646211,-0.0014507384767360216,3.195388640989015
2018-09-30,2018-11-05,MS,2112000000,1.19,1697000000,9313000000,0,78703000000,261274000000,201995000000,59279000000,14112000000,14565000000,46.377725397760756,0.02683506346644982,0.002440160043072522,-0.0012602496688873747,3.3197463883206484
2018-12-31,2019-02-26,MS,1531000000,0.81,1674000000,7950000000,0,80246000000,248887000000,197047000000,51840000000,-7683000000,-7179000000,47.93667861409797,0.019078832589786408,0.0017937251253908762,-0.0014181123695134138,3.1015502330334224
2019-03-31,2019-05-03,MS,2429000000,1.41,1658000000,9693000000,0,80724000000,246682000000,196712000000,49970000000,16512000000,17041000000,48.6875753920386,0.03009018383628165,0.0027729450068724286,-0.001980846167134194,3.055869382092067
2019-06-30,2019-08-05,MS,2201000000,1.24,1634000000,9614000000,0,81724000000,272123000000,222978000000,49145000000,10052000000,10531000000,50.01468788249694,0.026932112965591504,0.002467602210415501,-0.0017139225155262182,3.329780725368313
2019-09-30,2019-11-05,MS,2173000000,1.28,1604000000,9395000000,0,82382000000,262957000000,214040000000,48917000000,12885000000,13337000000,51.36034912718205,0.02637712121579957,0.002407478805766427,-0.001805758076877582,3.191922992886796
2019-12-31,2020-02-27,MS,2239000000,1.33,1573000000,10224000000,0,81549000000,261525000000,211866000000,49659000000,-502000000,-136000000,51.84297520661157,0.027455885418582692,0.0025004774247874484,-0.0018856141357561245,3.206967590037891
2020-03-31,2020-05-05,MS,1698000000,1.02,1555000000,9039000000,0,85860000000,253730000000,178285000000,75445000000,23482000000,23836000000,55.21543408360129,0.019776380153738643,0.0017915266486951292,-0.0025874686826972046,2.9551595620778013
2020-06-30,2020-08-04,MS,3196000000,1.98,1541000000,12944000000,0,86645000000,269974000000,206583000000,63391000000,-17238000000,-16810000000,56.226476314081765,0.03688614461307635,0.0032767287666232983,-0.00173835724153759,3.1158635812799353
2020-09-30,2020-11-03,MS,2717000000,1.68,1542000000,11024000000,0,88394000000,258677000000,201091000000,57586000000,-6990000000,-6867000000,57.3242542153048,0.030737380365183156,0.0028422285917526205,-0.0023246715948631006,2.926409032287259
2020-12-31,2021-02-26,MS,3385000000,1.84,1774000000,12864000000,0,101781000000,283529000000,216077000000,67452000000,-25929000000,-25390000000,57.37373167981961,0.03325768070661518,0.0030335292356940195,-0.0034068849717196286,2.7856770910091275
2021-03-31,2021-05-03,MS,4120000000,2.22,1795000000,14809000000,0,106259000000,279863000000,204665000000,75198000000,26354000000,26879000000,59.19721448467966,0.03877318627128055,0.003555488051143797,-0.002225003171924795,2.6337816090872304
2021-06-30,2021-08-02,MS,3511000000,1.88,1814000000,13964000000,0,106870000000,293019000000,207742000000,85277000000,4101000000,4615000000,58.91400220507167,0.03285299897071208,0.0030220217678526085,-0.0025841534787672945,2.741826518199682
2021-09-30,2021-11-03,MS,3707000000,2.01,1781000000,13928000000,0,105903000000,302021000000,221987000000,80034000000,1509000000,2128000000,59.46266142616508,0.03500372982823905,0.0031138804982208798,-0.002411772425906268,2.8518644419893677
2021-12-31,2022-02-24,MS,3696000000,2.05,1751000000,13713000000,0,105441000000,305356000000,218518000000,86838000000,-301000000,349000000,60.217589948600796,0.03505277833100976,0.00311074452505597,-0.0029052245135144515,2.8959892262023312
2022-03-31,2022-05-04,MS,3666000000,2.04,1733000000,13919000000,0,102901000000,298693000000,203922000000,94771000000,-413000000,239000000,59.37738026543566,0.03562647593317849,0.0029994280959522446,-0.0024859844036351497,2.9027220337994772
2022-06-30,2022-08-05,MS,2495000000,1.4,1704000000,12254000000,0,101596000000,299593000000,211454000000,88139000000,14114000000,14913000000,59.62206572769953,0.024558053466671916,0.0021256185166505363,-0.0022479565822543404,2.948866097090437
2022-09-30,2022-11-03,MS,2632000000,1.49,1674000000,12139000000,0,101011000000,288257000000,216974000000,71283000000,-8410000000,-7553000000,60.34109916367981,0.02605656809654394,0.0022689087945215163,-0.0022930102273467524,2.853718901901773
2022-12-31,2023-02-24,MS,2236000000,1.28,1652000000,11898000000,0,100141000000,308750000000,216003000000,92747000000,-14766000000,-13996000000,60.6180387409201,0.02232851679132423,0.001894544373093064,-0.00309639123883744,3.0831527546159916
2023-03-31,2023-05-02,MS,2980000000,1.72,1645000000,13636000000,0,100826000000,319343000000,241314000000,78029000000,-10584000000,-9865000000,61.29240121580547,0.029555868525975443,0.0024835320158946047,-0.0022161980475828608,3.167268363318985
2023-06-30,2023-08-03,MS,2182000000,1.25,1635000000,12582000000,0,100386000000,312630000000,240421000000,72209000000,-10517000000,-9666000000,61.398165137614676,0.02173609865917558,0.0018731044689250939,-0.0021367595658369582,3.1142788835096527
2023-09-30,2023-11-03,MS,2408000000,1.39,1624000000,12418000000,0,99211000000,333522000000,253759000000,79763000000,2834000000,3747000000,61.09051724137931,0.024271502151979114,0.0020598573326387304,-0.0021671923819915066,3.361744161433712
2023-12-31,2024-02-22,MS,1517000000,0.86,1606000000,12031000000,0,99038000000,339038000000,280377000000,58661000000,-18681000000,-17752000000,61.66749688667497,0.01531735293523698,0.001270846021548254,-0.0027244709689172955,3.4233122639794824
2024-03-31,2024-05-03,MS,3412000000,2.04,1601000000,25349000000,5370000000,99198000000,368878000000,299065000000,69813000000,3544000000,4360000000,61.96002498438476,0.03439585475513619,0.002777363995041119,0.008692748259316081,3.718603197645114
2024-06-30,2024-08-05,MS,3076000000,1.85,1594000000,25486000000,5345000000,100714000000,358014000000,296898000000,61116000000,1674000000,2525000000,63.183186951066496,0.030541930615406002,0.0025370181129566903,0.007839300624729637,3.5547590205929662
2024-09-30,2024-11-04,MS,3188000000,1.91,1588000000,26328000000,5491000000,103647000000,374652000000,312920000000,61732000000,-18239000000,-17323000000,65.26889168765743,0.030758246741343212,0.0025341268510135316,0.007744252425180103,3.6146921763292714
2024-12-31,2025-02-21,MS,3714000000,2.25,1583000000,25982000000,6551000000,104511000000,360488000000,284745000000,75743000000,10921000000,11800000000,66.02084649399873,0.03553692912707753,0.0030566115066526975,0.009566968781470292,3.449282850609027
2025-03-31,2025-05-05,MS,4315000000,2.62,1584000000,27912000000,6409000000,106812000000,396929000000,336094000000,60835000000,-24689000000,-23976000000,67.43181818181819,0.04039808261244055,0.00331847517795948,0.00986891123624426,3.7161461259034567
2025-06-30,2025-08-04,MS,3539000000,2.15,1577000000,28162000000,5929000000,108184000000,436985000000,327855000000,109130000000,11066000000,11829000000,68.60114140773621,0.032712785624491605,0.0026139880490741356,0.008198807904797508,4.039275678473712
