date,filingDate,symbol,netIncome,eps,weightedAverageShsOut,revenue,ebitda,totalStockholdersEquity,totalDebt,netDebt,cashAndCashEquivalents,freeCashFlow,operatingCashFlow,bookValuePerShare,ROE,ROA,ROIC,debtToEquity
2015-09-30,2015-11-09,MTCH,65611000,0.37,178952944,838561000,114133000,1845191000,1000000000,233552000,766448000,80586000,98328000,10.311040202836786,0.035557836560009236,0.016291487287569545,0.0360215138813216,0.5419493158160863
2015-12-31,2016-04-29,MTCH,-31849000,-0.18,179155833,848728000,107903000,1804526000,1766954000,285507000,1481447000,147807000,165298000,10.072382069748183,-0.01764951017607948,-0.006113110490503748,-0.003389065295916808,0.9791790198644963
2016-03-31,2016-05-10,MTCH,8282000,0.0463,177047076,819179000,53501000,2065438000,1725872000,487208000,1238664000,8007000,24097000,11.666038472163189,0.00400980324754362,0.0016392394578119498,0.012267549362598282,0.8355961302154797
2016-06-30,2016-08-09,MTCH,-194775000,-1.14,171592962,745439000,-252446000,1814450000,1705259000,459275000,1245984000,22789000,41832000,10.574151636825292,-0.10734657885309598,-0.04179701297547522,-0.07573778887232692,0.9398214334922428
2016-09-30,2016-11-07,MTCH,43162000,0.25,171661868,764102000,114425000,1863866000,1641285000,451501000,1189784000,68047000,95653000,10.857775356376758,0.023157244136649307,0.009240103100728727,0.03134213515583617,0.8805810074329378
2016-12-31,2017-02-28,MTCH,102051000,0.6,170757499,811162000,151801000,1869222000,1602484000,273297000,1329187000,115495000,130795000,10.94664662428676,0.05459544131194689,0.021965946981331603,0.06431899663074679,0.8572999889793722
2017-03-31,2017-05-08,MTCH,26209000,0.16,168771771,760833000,65301000,1848059000,1576982000,179944000,1397038000,56648000,67805000,10.950048038543128,0.014181906530040436,0.005673770226701855,0.09044154372682636,0.8533179947177011
2017-06-30,2017-08-04,MTCH,66268000,0.39,170658212,767387000,98392000,1965177000,1572994000,50694000,1522300000,59237000,89901000,11.515279440522908,0.03372113555165769,0.01384602430346253,0.056124514529472855,0.8004337522777847
2017-09-30,2017-11-09,MTCH,179643000,1.03,174435412,828434000,-7176000,2428921000,1649267000,393950000,1255317000,125193000,139891000,13.92447194151151,0.07396000116924346,0.03242094548683395,0.04276395818462131,0.6790122033610809
2017-12-31,2018-03-01,MTCH,32804000,0.19,177474440,950585000,284650000,2430028000,1993219000,362410000,1630809000,100089000,119093000,13.692270278469396,0.013499432928344858,0.005590501396602821,0.013025524468676435,0.8202452811243327
2018-03-31,2018-05-10,MTCH,71082000,0.4,178399289,995075000,131816000,2494527000,1994699000,337162000,1657537000,137207000,152008000,13.98283039121305,0.02849518165167184,0.01178615593434825,0.04499656338302338,0.7996301503250917
2018-06-30,2018-08-09,MTCH,218353000,1.21,180572075,1059122000,208284000,2576079000,1996021000,351192000,1644829000,202899000,227794000,14.26620921313553,0.0847617639055324,0.03501893418166679,0.1043503062819855,0.7748291104426533
2018-09-30,2018-11-09,MTCH,145774000,0.81,179793487,1104592000,213264000,2600482000,1997743000,326759000,1670984000,271481000,291898000,14.46371636365226,0.056056531058473004,0.022876029820723825,0.06916810539078921,0.7682202760872792
2018-12-31,2019-02-28,MTCH,191752000,1.06,180732540,1104103000,331510000,2843125000,2259298000,127666000,2131632000,290907000,316428000,15.731118480379903,0.06744409760386898,0.027892883715889757,0.08180295645905987,0.7946530666080457
2019-03-31,2019-05-09,MTCH,88695000,0.49,180603102,1105843000,159283000,2779861000,2345984000,128647000,2217337000,77086000,102941000,15.392099965148994,0.031906271572571435,0.012387739385259743,0.06334553187038536,0.8439213327572853
2019-06-30,2019-08-09,MTCH,113467000,0.63,181412721,1186658000,172898000,2983461000,3152281000,322000,3151959000,202099000,252867000,16.44571000067851,0.03803200377011799,0.013672197182708255,0.05244563452049567,1.0565852880262219
2019-09-30,2019-11-07,MTCH,128544000,0.71,181580692,1246874000,184410000,2897274000,3125632000,179452000,2946180000,305936000,332958000,15.955848433488732,0.04436722243046395,0.01547829439657181,0.06377862932023728,1.078818227064475
2019-12-31,2020-04-29,MTCH,100425000,0.53,182149008,1217680000,232453000,2928042000,2903376000,2437700000,465676000,216166000,249173000,16.074981863200705,0.03429766376301979,0.01200566229712762,0.03043782828140769,0.9915759405090501
2020-03-31,2020-05-08,MTCH,-211040000,0.71,183117000,1228765000,153169000,2424410000,3638758000,816029000,2822729000,56384000,80975000,13.239677364744944,-0.08704798280818839,-0.025020305879878583,0.029206881062740477,1.5008839263985876
2020-06-30,2020-08-10,MTCH,74917000,0.41,183477000,555450000,223073000,-1708175000,3527660000,3398366000,129294000,206600000,214943000,-9.31002250963336,-0.0438579185387914,0.03208805121958323,0.09191141690539507,-2.065163112678736
2020-09-30,2020-11-06,MTCH,141207000,0.54,260744000,639770000,209924000,-1442934000,3521092000,3122208000,398884000,222305000,236557000,-5.533910655662258,-0.09786102482857843,0.05288469460977375,0.10108063409490803,-2.4402308075074814
2020-12-31,2021-02-25,MTCH,140579000,0.53,266395000,651407000,220352000,-1414417000,3840930000,3101766000,739164000,259707000,269707000,-5.309472775389929,-0.09939006672006911,0.0461451247909865,0.10477608751812671,-2.7155570104148916
2021-03-31,2021-05-07,MTCH,174250000,0.65,268649000,667612000,198609000,-1214591000,3843244000,2997548000,845696000,92018000,102308000,-4.521107467364479,-0.143463931479815,0.054204664369695406,0.11821630766739862,-3.1642289462049367
2021-06-30,2021-08-06,MTCH,140895000,0.52,271254000,707760000,220217000,-142245000,3845555000,3609095000,236460000,226405000,248507000,-0.5243977968988476,-0.9905093324897184,0.03177652887402674,0.04780680521750891,-27.03472881296355
2021-09-30,2021-11-08,MTCH,131210000,0.47,281314000,801835000,245760000,-68352000,3847896000,3336585000,511311000,295691000,316110000,-0.2429740432399383,-1.9196219569288389,0.026812429065891017,0.059087178146138314,-56.295294943820224
2021-12-31,2022-02-24,MTCH,-168632000,-0.62,273734583,806070000,-168417000,-203769000,3929348000,3113964000,815384000,218414000,245574000,-0.7444035670129412,0.8275645461282138,-0.0333048406490012,-0.049136472328795255,-19.283345356752008
2022-03-31,2022-05-06,MTCH,180533000,0.63,284459000,798631000,231826000,-122449000,3915553000,3003119000,912434000,214860000,232517000,-0.4304627380395769,-1.474352587607902,0.03579594134345668,0.07499363638786836,-31.977010837164862
2022-06-30,2022-08-05,MTCH,-31858000,-0.11,285126000,794513000,18837000,-452945000,3891316000,3427630000,463686000,-222201000,-212553000,-1.5885783828903712,0.07033525041671726,-0.007596491755166821,-0.0012895822606769035,-8.591144620207752
2022-09-30,2022-11-04,MTCH,128696000,0.46,281314000,809546000,230920000,-699342000,3878398000,3487757000,390641000,269419000,280487000,-2.4859836339464088,-0.18402441151825574,0.032876328792920975,0.05500591927271334,-5.545781606138341
2022-12-31,2023-02-24,MTCH,84575000,0.3,279426000,786153000,178880000,-359875000,3835726000,3263331000,572395000,214485000,225237000,-1.2879080686836586,-0.23501215699895797,0.02021988331160926,0.04605787704412245,-10.65849531087183
2023-03-31,2023-05-05,MTCH,120809000,0.43,289114270,787124000,224350000,-334518000,3837322000,3267443000,569879000,100544000,120387000,-1.1570442372145795,-0.3611434960151621,0.028737301402099808,0.051125801044885025,-11.471197364566331
2023-06-30,2023-08-03,MTCH,137345000,0.49,288398140,829552000,240676000,-177927000,3838943000,3106376000,732567000,191864000,209478000,-0.6169491939164379,-0.7719176965834302,0.031653409854329094,0.056441327705883365,-21.575944066948804
2023-09-30,2023-11-02,MTCH,163727000,0.59,287812947,881600000,271358000,-299438000,3840589000,3133708000,706881000,278244000,290807000,-1.040391000895453,-0.5467809696832066,0.038534018844899674,0.06666607221616966,-12.825990689224481
2023-12-31,2024-02-23,MTCH,229658000,0.85,270576000,866228000,293442000,-19548000,3842242000,2979802000,862440000,258727000,276119000,-0.07224587546567324,-11.74841416001637,0.05094583137195573,0.08979155955758186,-196.55422549621446
2024-03-31,2024-05-08,MTCH,123198000,0.46,268142000,859647000,225100000,-107810000,3843901000,2928972000,914929000,266869000,284103000,-0.40206308597683316,-1.1427325851034227,0.02797758940540526,0.055138592401895004,-35.654401261478526
2024-06-30,2024-08-01,MTCH,133314000,0.5,264397000,864066000,247095000,-130240000,3845571000,3007779000,837792000,116294000,128965000,-0.49259257858447714,-1.0236025798525799,0.030514114557595236,0.05693053218095375,-29.526804361179362
2024-09-30,2024-11-12,MTCH,136468000,0.53,257070000,895484000,243062000,-88526000,3847272000,2991740000,855532000,251835000,264941000,-0.3443653479596997,-1.5415584122178796,0.03083439358476148,0.05762759426614998,-43.45923231592978
2024-12-31,2025-02-27,MTCH,158296000,0.63,251715000,860176000,257688000,-63659000,3848983000,2882990000,965993000,247143000,254710000,-0.2529010984645333,-2.486624043733015,0.035446510804069443,0.0673828730750576,-60.46251119244726
2025-03-31,2025-05-08,MTCH,117570000,0.47,251130000,831178000,207416000,-182712000,3427164000,3017742000,409422000,177690000,193117000,-0.7275594313702066,-0.6434716931564429,0.030224543913251935,0.05191785626597637,-18.757191645868907
2025-06-30,2025-08-06,MTCH,125478000,0.5135,244370000,863738000,218424000,-230881000,3428701000,3093458000,335243000,230972000,243842000,-0.9448009166427958,-0.543474777049649,0.03244156392134476,0.052772766852968375,-14.850511735482781
