date,filingDate,symbol,netIncome,eps,weightedAverageShsOut,revenue,ebitda,totalStockholdersEquity,totalDebt,netDebt,cashAndCashEquivalents,freeCashFlow,operatingCashFlow,bookValuePerShare,ROE,ROA,ROIC,debtToEquity
2015-09-30,2015-11-04,NDAQ,138000000,0.28,500700000,871000000,269000000,5546000000,2435000000,2145000000,290000000,34000000,66000000,11.076492909926104,0.024882798413270825,0.011724723874256585,0.02038191152690132,0.4390551749008294
2015-12-31,2016-02-26,NDAQ,148000000,0.3,493800000,865000000,278000000,5609000000,2364000000,2063000000,301000000,171000000,213000000,11.35884973673552,0.026386165091816724,0.012477868645139533,0.021316915927454872,0.42146550187199144
2016-03-31,2016-05-05,NDAQ,132000000,0.27,492900000,905000000,261000000,5697000000,2565000000,2234000000,331000000,228000000,251000000,11.558125380401703,0.02317008952080042,0.009623095429029671,0.019033393790675347,0.45023696682464454
2016-06-30,2016-08-03,NDAQ,70000000,0.14,495000000,897000000,219000000,5717000000,3731000000,3387000000,344000000,113000000,141000000,11.54949494949495,0.012244184012594018,0.004636068613815485,0.00937417242458531,0.6526150078712611
2016-09-30,2016-11-08,NDAQ,131000000,0.26,496800000,929000000,282000000,5754000000,3709000000,3452000000,257000000,27000000,61000000,11.582125603864734,0.022766770941953424,0.00884656942193409,0.01687560112096437,0.6445950643030935
2016-12-31,2017-03-01,NDAQ,-224000000,-0.45,497400000,973000000,-329000000,5430000000,3603000000,3200000000,403000000,220000000,269000000,10.916767189384801,-0.041252302025782686,-0.015830388692579505,-0.02407621990472512,0.6635359116022099
2017-03-31,2017-05-10,NDAQ,168000000,0.34,499500000,969000000,295000000,5352000000,3621000000,3235000000,386000000,208000000,244000000,10.714714714714715,0.03139013452914798,0.011594202898550725,0.022749369652882535,0.6765695067264574
2017-06-30,2017-08-02,NDAQ,146000000,0.3,496200000,994000000,292000000,5576000000,3552000000,3196000000,356000000,242000000,270000000,11.237404272470778,0.02618364418938307,0.009959072305593451,0.019325816957445383,0.6370157819225251
2017-09-30,2017-11-07,NDAQ,170000000,0.34,500100000,965000000,314000000,5735000000,3743000000,3213000000,530000000,57000000,95000000,11.467706458708259,0.02964254577157803,0.011279193205944798,0.02159676612068208,0.6526591107236268
2017-12-31,2018-02-28,NDAQ,246000000,0.48,500700000,1024000000,289000000,5880000000,4207000000,3830000000,377000000,258000000,300000000,11.743559017375674,0.04183673469387755,0.015583428354237932,0.0286650904396513,0.7154761904761905
2018-03-31,2018-05-02,NDAQ,177000000,0.35,500700000,1151000000,327000000,5725000000,4115000000,3710000000,405000000,359000000,375000000,11.433992410625125,0.03091703056768559,0.011209626345788475,0.021507207428940137,0.7187772925764192
2018-06-30,2018-08-01,NDAQ,162000000,0.33,497100000,1027000000,376000000,5542000000,3847000000,3525000000,322000000,250000000,279000000,11.148662240997787,0.029231324431613137,0.010699425401228452,0.020038325796845703,0.6941537351136774
2018-09-30,2018-11-06,NDAQ,163000000,0.33,492600000,964000000,297000000,5602000000,3880000000,3556000000,324000000,-13000000,14000000,11.372310190824198,0.029096751160299892,0.010972736452372938,0.020779280488938998,0.6926097822206355
2018-12-31,2019-02-22,NDAQ,-44000000,-0.0896,491334643,1136000000,414000000,5449000000,3831000000,3286000000,545000000,321000000,360000000,11.090201103527724,-0.00807487612405946,-0.002802547770700637,-0.005574713446046878,0.7030647825289044
2019-03-31,2019-05-01,NDAQ,247000000,0.5,495900000,1039000000,398000000,5494000000,3924000000,3452000000,472000000,317000000,337000000,11.07884654164146,0.04495813614852567,0.01703095911190788,0.03087391941282055,0.7142337095012741
2019-06-30,2019-08-05,NDAQ,174000000,0.35,496800000,1061000000,316000000,5551000000,3832000000,3499000000,333000000,143000000,186000000,11.173510466988727,0.03134570347685102,0.012312482309651854,0.021559444277491388,0.6903260673752477
2019-09-30,2019-11-06,NDAQ,150000000,0.3,492900000,1096000000,289000000,5327000000,3805000000,3501000000,304000000,76000000,101000000,10.807466017447759,0.028158438145297542,0.011556240369799691,0.019125193622828,0.7142857142857143
2019-12-31,2020-02-25,NDAQ,203000000,0.41,493500000,1065000000,323000000,5639000000,3718000000,3386000000,332000000,300000000,339000000,11.426545086119555,0.035999290654371345,0.014579143924159724,0.024635272391505078,0.6593367618372051
2020-03-31,2020-05-06,NDAQ,203000000,0.41,494700000,1353000000,345000000,5396000000,4418000000,3403000000,1015000000,354000000,380000000,10.907620780270872,0.03762045959970348,0.013718070009460738,0.02509900600592725,0.8187546330615271
2020-06-30,2020-08-05,NDAQ,241000000,0.49,492300000,1398000000,390000000,5754000000,3885000000,3174000000,711000000,399000000,441000000,11.687995124923827,0.041883906847410494,0.016553334707054057,0.029043884125039703,0.6751824817518248
2020-09-30,2020-11-04,NDAQ,264000000,0.54,492600000,1413000000,430000000,6011000000,3968000000,3384000000,584000000,-64000000,-4000000,12.202598457166058,0.043919480951588756,0.017800552895961164,0.029831709160513597,0.6601231076360007
2020-12-31,2021-02-23,NDAQ,225000000,0.45,493500000,1462000000,342000000,6433000000,5930000000,3185000000,2745000000,375000000,435000000,13.035460992907801,0.03497590548733095,0.012514600367094944,0.02532120252055486,0.9218094201772112
2021-03-31,2021-05-05,NDAQ,298000000,0.6,494128827,1651000000,484000000,6332000000,6296000000,5522000000,774000000,352000000,394000000,12.814471963603937,0.04706253948199621,0.01611681990265008,0.026793925246618673,0.9943145925457991
2021-06-30,2021-08-04,NDAQ,341000000,0.69,492257457,1412000000,552000000,6660000000,6098000000,5708000000,390000000,34000000,73000000,13.529505557089001,0.0512012012012012,0.018962353333704055,0.02939303360669284,0.9156156156156157
2021-09-30,2021-11-04,NDAQ,288000000,0.56,503100000,1357000000,468000000,6345000000,6325000000,6022000000,303000000,200000000,232000000,12.61180679785331,0.04539007092198582,0.015654726314072945,0.025170891057128164,0.9968479117415288
2021-12-31,2022-02-23,NDAQ,259000000,0.52,501300000,1467000000,423000000,6395000000,6216000000,5823000000,393000000,334000000,384000000,12.756832236185916,0.04050039093041439,0.012875963211533682,0.02308852033076395,0.9720093823299453
2022-03-31,2022-05-04,NDAQ,284000000,0.57,495144339,1535000000,470000000,6013000000,6375000000,5889000000,486000000,570000000,605000000,12.143933650022,0.04723099950108099,0.013638764827354368,0.025621227547250856,1.0602028937302512
2022-06-30,2022-08-03,NDAQ,307000000,0.62,492235377,1552000000,492000000,5842000000,6186000000,5732000000,454000000,333000000,375000000,11.868305841008254,0.05255049640534064,0.013586475482386264,0.028529375535106698,1.0588839438548443
2022-09-30,2022-11-02,NDAQ,294000000,0.6,491228889,1557000000,475000000,5875000000,5828000000,5527000000,301000000,191000000,232000000,11.959801492863747,0.05004255319148936,0.012815483196024584,0.027809946082757594,0.992
2022-12-31,2023-02-23,NDAQ,241000000,0.49,491300000,1582000000,416000000,6151000000,5851000000,5349000000,502000000,460000000,494000000,12.51984530836556,0.03918062103722972,0.01154878282537857,0.02287874696192277,0.9512274426922451
2023-03-31,2023-05-04,NDAQ,302000000,0.62,489931178,1533000000,500000000,6167000000,5551000000,5178000000,373000000,525000000,565000000,12.587482236127459,0.0489703259283282,0.0145367027677497,0.028876468519483063,0.9001135073779796
2023-06-30,2023-08-02,NDAQ,267000000,0.54,490778304,1433000000,436000000,6235000000,10359000000,5012000000,5347000000,375000000,414000000,12.70431058011888,0.042822774659182036,0.010406516740070936,0.0261347635333814,1.6614274258219728
2023-09-30,2023-11-03,NDAQ,294000000,0.6,491315824,1451000000,552000000,6467000000,10115000000,4775000000,5340000000,263000000,300000000,13.162612893982425,0.0454615741456626,0.012073921971252568,0.03263974927780414,1.564094634297201
2023-12-31,2024-02-21,NDAQ,197000000,0.36,547100000,1647000000,509000000,10816000000,10871000000,10418000000,453000000,375000000,417000000,19.76969475415829,0.018213757396449703,0.006100204372329225,0.01275001473813885,1.0050850591715976
2024-03-31,2024-05-02,NDAQ,234000000,0.41,575451665,1674000000,570000000,10809000000,10402000000,10014000000,388000000,491000000,530000000,18.78350634366485,0.02164862614487927,0.007731192387749034,0.014883536080049551,0.9623461929873254
2024-06-30,2024-08-06,NDAQ,222000000,0.39,576375433,1792000000,593000000,10898000000,10206000000,9790000000,416000000,408000000,460000000,18.907814899876207,0.020370710222059094,0.007348560079443893,0.013846268991841926,0.936502110478987
2024-09-30,2024-10-29,NDAQ,306000000,0.53,575121000,1902000000,607000000,11072000000,10257000000,9991000000,266000000,188000000,244000000,19.25160096744859,0.027637283236994218,0.010013089005235603,0.018466537252874872,0.9263908959537572
2024-12-31,2025-02-21,NDAQ,355000000,0.62,575120541,2030000000,689000000,11191000000,9868000000,9276000000,592000000,645000000,705000000,19.458529477214412,0.03172191939951747,0.01167955255798651,0.021177487444926348,0.8817800017871504
2025-03-31,2025-04-28,NDAQ,395000000,0.69,575120541,2090000000,736000000,11546000000,9719000000,9029000000,690000000,614000000,663000000,20.075791380923743,0.03421098215832323,0.012888700362188796,0.022817361512260225,0.8417633812575784
2025-06-30,2025-07-25,NDAQ,452000000,0.79,574100000,2090000000,798000000,11811000000,9631000000,8899000000,732000000,687000000,746000000,20.57307089357255,0.038269409872153076,0.01487674028239476,0.025489290761894354,0.8154262975192617
