date,filingDate,symbol,netIncome,eps,weightedAverageShsOut,revenue,ebitda,totalStockholdersEquity,totalDebt,netDebt,cashAndCashEquivalents,freeCashFlow,operatingCashFlow,bookValuePerShare,ROE,ROA,ROIC,debtToEquity
2015-09-30,2015-11-03,NI,-4900000,-0.02,318100000,817200000,248000000,3800300000,6683300000,6651600000,31700000,-290400000,78300000,11.94687205281358,-0.0012893718916927612,-0.00028729061497780826,0.007939282094573412,1.7586243191327
2015-12-31,2016-02-18,NI,59400000,0.19,318800000,1097800000,361500000,3843500000,6995100000,6979600000,15500000,-174400000,262900000,12.056148055207027,0.015454663717965396,0.003395741031870802,0.010360678224219457,1.819981787433329
2016-03-31,2016-05-03,NI,179700000,0.58,320300000,1436600000,514900000,3872300000,7014600000,6990900000,23700000,1900000,302900000,12.089603496721823,0.04640652841980218,0.010285380679281569,0.02167603381461995,1.8114815484337474
2016-06-30,2016-08-02,NI,28600000,0.09,321700000,897600000,269000000,3810600000,7269800000,7254100000,15700000,-187300000,184200000,11.84519738887162,0.0075053797302262115,0.0016234134822786823,0.0074326579258221035,1.907783551146801
2016-09-30,2016-11-01,NI,27200000,0.08,322300000,861300000,253500000,3811600000,7737800000,7721700000,16100000,-366000000,44900000,11.826248836487744,0.007136110819603316,0.0015054906128232376,0.0074793954723489575,2.0300661139678877
2016-12-31,2017-05-08,NI,88800000,0.0,323000000,1297000000,383400000,4071200000,7909300000,7882900000,26400000,-120500000,271300000,12.604334365325077,0.021811750835134605,0.004750720900497007,0.012828971028009648,1.9427441540577717
2017-03-31,2017-05-03,NI,211300000,0.65,323700000,1598600000,561000000,4191100000,7914200000,7885800000,28400000,99100000,411100000,12.947482236638864,0.050416358473909,0.01133833085603593,0.02197945160577171,1.8883348047052086
2017-06-30,2017-08-02,NI,-44400000,-0.14,317142857,990700000,158900000,4122800000,8239900000,8222000000,17900000,-179900000,240300000,12.999819825675594,-0.01076938003298729,-0.0023588539370015993,0.0008452591951486296,1.9986174444552247
2017-09-30,2017-11-01,NI,14000000,0.04,331100000,917000000,247400000,4363000000,8651600000,8632300000,19300000,-606000000,-121800000,13.17728782845062,0.0032088012835205133,0.0007265367549754793,0.006816450422985094,1.9829475131790053
2017-12-31,2018-02-20,NI,-52400000,0.0,337500000,1368300000,416700000,4320100000,9002200000,8973200000,29000000,-266800000,212600000,12.800296296296297,-0.012129348857665331,-0.0026250269265643707,-0.006567336609989676,2.0837943566121155
2018-03-31,2018-05-02,NI,276100000,0.82,338000000,1750800000,576600000,4506200000,9116800000,9081800000,35000000,18200000,388200000,13.331952662721893,0.061271137543828506,0.013737343582854443,0.02590303610137287,2.023168079534863
2018-06-30,2018-08-01,NI,24500000,0.07,354200000,1007000000,263300000,5463000000,8290200000,8222000000,68200000,-41200000,421300000,15.423489553924336,0.004484715357861981,0.001206427055480872,0.007083546462063086,1.5175178473366282
2018-09-30,2018-11-01,NI,-339500000,-0.95,363263157,895000000,-202100000,5073700000,8754100000,8712300000,41800000,-346400000,117700000,13.96700959684717,-0.0669136921773065,-0.01640144158767887,-0.019894072060014135,1.7253877840629126
2018-12-31,2019-02-20,NI,-11700000,0.0,369700000,1461700000,103800000,5750900000,9132600000,9019800000,112800000,-908700000,-387100000,15.555585609954017,-0.002034464170825436,-0.0005365987892129885,-0.0002777648409783188,1.5880296996991776
2019-03-31,2019-05-01,NI,218900000,0.55,373400000,1869800000,548600000,5779600000,9241500000,9090500000,151000000,45400000,399100000,15.47830744509909,0.03787459339746695,0.01000004568316895,0.019784903293467816,1.5989860890026992
2019-06-30,2019-07-31,NI,296900000,0.76,373900000,1010400000,641100000,5976200000,9201400000,9177700000,23700000,37300000,527100000,15.983418026210217,0.04968039891569894,0.01351129961500305,0.02458726862552766,1.539674040360095
2019-09-30,2019-10-30,NI,6600000,-0.02,360000000,931500000,274500000,5848500000,9479800000,9451800000,28000000,-160900000,305600000,16.245833333333334,0.0011284944857655808,0.00029820669338478153,-0.011059695997246244,1.6208942463879628
2019-12-31,2020-02-28,NI,-139300000,0.0,377000000,1397200000,139100000,5986700000,9694400000,9555100000,139300000,-140900000,351500000,15.879840848806365,-0.023268244608883024,-0.006147450551196392,-0.0028238457706848893,1.6193228322782167
2020-03-31,2020-05-06,NI,75600000,0.16,383100000,1605500000,337900000,5741400000,9872200000,9668400000,203800000,-82200000,369900000,14.986687548942834,0.013167520117044623,0.0033462135999681314,0.012414445263153641,1.7194760859720626
2020-06-30,2020-08-05,NI,-4700000,-0.05,370000000,962700000,275700000,5661800000,9989300000,9847100000,142200000,-29400000,337800000,15.302162162162162,-0.0008301246953265745,-0.00020948008824905846,-0.02479973864469219,1.7643328976650534
2020-09-30,2020-11-02,NI,-172900000,-0.49,381020408,902500000,38000000,5424900000,10618500000,10559900000,58600000,-322000000,150900000,14.237820038237953,-0.03187155523604122,-0.007616236812545426,-0.0064862765548212775,1.9573632693690206
2020-12-31,2021-02-17,NI,84400000,0.0,383800000,1211000000,414000000,5752200000,9947700000,9831200000,116500000,-220500000,245400000,14.987493486190724,0.014672646987239664,0.003829314217009596,0.008981211716386295,1.7293731094190048
2021-03-31,2021-05-05,NI,295500000,0.72,392700000,1545600000,628700000,5931600000,9766700000,9677600000,89100000,81300000,448300000,15.104660045836516,0.049817924337446896,0.01331410935141589,0.023470269477347625,1.646554049497606
2021-06-30,2021-08-04,NI,60300000,0.12,393000000,986000000,340900000,6523100000,9246900000,9169400000,77500000,-176400000,254700000,16.59821882951654,0.009244071070503289,0.002702363559770187,0.007996714677614104,1.4175622020205116
2021-09-30,2021-11-03,NI,63200000,0.13,393200000,959400000,350300000,6494900000,9623900000,9585400000,38500000,-258400000,236300000,16.518056968463885,0.009730711789250028,0.002774533992431493,0.0081079123111921,1.4817626137430908
2021-12-31,2022-02-23,NI,165900000,0.0,393200000,1408600000,478500000,6947300000,9993600000,9909400000,84200000,-266600000,278600000,17.66861648016277,0.023879780634203214,0.006867603045092706,0.01488417092266078,1.4384868941891094
2022-03-31,2022-05-04,NI,426800000,1.02,406000000,1873300000,803900000,7201900000,9757700000,9643200000,114500000,129700000,579800000,17.738669950738917,0.05926213915772227,0.017516570560833965,0.029666529659531406,1.3548785737097155
2022-06-30,2022-08-03,NI,67000000,0.13,406400000,1183200000,361000000,7224600000,10112500000,10034700000,77800000,-139500000,327400000,17.77706692913386,0.009273869833624007,0.0027001104224262306,0.007262417814604915,1.399731473022728
2022-09-30,2022-11-07,NI,65800000,0.13,406500000,1089500000,370000000,7193900000,10824000000,10788200000,35800000,-477000000,129000000,17.697170971709717,0.009146638123966138,0.0025726841932406435,0.007832700533047817,1.5046080707265879
2022-12-31,2023-02-22,NI,244500000,0.0,409950000,1704600000,614500000,7575400000,11526900000,11486100000,40800000,-306900000,373200000,18.478838882790583,0.0322755234047047,0.009144767846323018,0.017628541448058765,1.5216226205876917
2023-03-31,2023-05-03,NI,333000000,0.77,412800000,1966000000,739400000,7674200000,11576600000,11470200000,106400000,126300000,683400000,18.5906007751938,0.04339214510958797,0.012400525812085485,0.022181021670816925,1.5085090302572255
2023-06-30,2023-08-02,NI,58800000,0.1,413300000,1090000000,404000000,7230400000,12622100000,12470800000,151300000,-97200000,507600000,17.49431405758529,0.008132330161540163,0.00215040393216719,0.006649568056700886,1.7456987165302058
2023-09-30,2023-11-01,NI,85100000,0.19,413500000,1027400000,442300000,7212400000,13258000000,13202000000,56000000,-378800000,344900000,17.442321644498186,0.01179912373135156,0.0030580490294018297,0.010913673000709065,1.8382230602850647
2023-12-31,2024-02-21,NI,237400000,0.0,421826611,1422000000,637600000,8269600000,14127900000,11882500000,2245400000,-361000000,399200000,19.60426342092486,0.02870755538357357,0.007639040840230137,0.015904424541306274,1.7084139498887492
2024-03-31,2024-05-08,NI,365000000,0.77,447900000,1706300000,834700000,7895900000,12970900000,12868700000,102200000,-133300000,456200000,17.6287117660192,0.04622652262566648,0.012441160129660749,0.02398518575646646,1.6427386365075545
2024-06-30,2024-08-07,NI,85800000,0.19,448500000,1084700000,503500000,7869000000,13477000000,13375800000,101200000,-184299999,445500000,17.54515050167224,0.010903545558520777,0.002869795568875094,0.01005168237747547,1.7126699707713813
2024-09-30,2024-10-30,NI,85700000,0.19,451900000,1076300000,517000000,8345000000,13614500000,13488300000,126200000,-294700000,340000000,18.466474883823857,0.010269622528460155,0.0027799312964470724,0.00973943163350437,1.6314559616536848
2024-12-31,2025-02-12,NI,223900000,0.0,469822000,1587800000,713900000,8684200000,13960300000,13803700000,156600000,-249200000,539800000,18.484021608183525,0.025782455493885446,0.007043516284395733,0.01616376098382689,1.6075516455171461
2025-03-31,2025-05-07,NI,474800000,1.01,470400000,2183200000,1023800000,8896800000,14885100000,14625700000,259400000,49100000,686400000,18.913265306122447,0.053367502922399064,0.014342201050593414,0.02709336458982676,1.6730847046128945
2025-06-30,2025-08-06,NI,102200000,0.22,471000000,1283000000,550100000,8882500000,15756000000,15420600000,335400000,-162800000,495400000,18.858811040339702,0.011505769772023642,0.0030033295228467567,0.008762923692054515,1.773824936673234
