date,filingDate,symbol,netIncome,eps,weightedAverageShsOut,revenue,ebitda,totalStockholdersEquity,totalDebt,netDebt,cashAndCashEquivalents,freeCashFlow,operatingCashFlow,bookValuePerShare,ROE,ROA,ROIC,debtToEquity
2015-09-30,2015-10-28,NOC,516000000,2.78,185800000,5979000000,907000000,5697000000,6417000000,5125000000,1292000000,455000000,557000000,30.66200215285253,0.09057398630858346,0.021530501543853792,0.05258606724755927,1.1263823064770933
2015-12-31,2016-02-01,NOC,459000000,2.53,181300000,5694000000,827000000,5522000000,6416000000,4097000000,2319000000,1496000000,1633000000,30.45780474351903,0.08312205722564288,0.018769935388893433,0.05348110849451041,1.1618978630930823
2016-03-31,2016-04-27,NOC,556000000,3.07,181300000,5956000000,842000000,5621000000,6387000000,5110000000,1277000000,-358000000,-60000000,31.003861003861005,0.0989147838462907,0.023231521330380644,0.05763758044354161,1.1362746842198896
2016-06-30,2016-07-27,NOC,517000000,2.87,180100000,6000000000,903000000,5681000000,6387000000,5248000000,1139000000,431000000,604000000,31.543586896168794,0.09100510473508185,0.02146920808936506,0.052100669702450565,1.1242738954409435
2016-09-30,2016-10-26,NOC,602000000,3.38,178100000,6155000000,956000000,5767000000,6387000000,5284000000,1103000000,601000000,738000000,32.38068500842223,0.10438702965146524,0.024979253112033195,0.058512495382856106,1.1075082365181204
2016-12-31,2017-01-30,NOC,525000000,3.0,174800000,6397000000,959000000,5259000000,7058000000,4517000000,2541000000,1219000000,1531000000,30.085812356979407,0.09982886480319453,0.020496603420004686,0.0596619627243845,1.3420802433922798
2017-03-31,2017-04-26,NOC,640000000,3.72,174800000,6267000000,948000000,5558000000,7060000000,5657000000,1403000000,-655000000,-439000000,31.79633867276888,0.11514933429291112,0.025183960964860506,0.06371064441392771,1.2702410939186757
2017-06-30,2017-07-26,NOC,552000000,3.16,174500000,6375000000,990000000,5919000000,6219000000,4836000000,1383000000,290000000,507000000,33.919770773638966,0.0932589964521034,0.02138457366443265,0.056158543013623816,1.05068423720223
2017-09-30,2017-10-25,NOC,645000000,3.69,174200000,6527000000,969000000,6493000000,6227000000,4349000000,1878000000,721000000,938000000,37.27324913892078,0.09933774834437085,0.02432768830385094,0.06502314072309032,0.9590328045587556
2017-12-31,2018-01-29,NOC,178000000,1.02,174100000,6634000000,973000000,7048000000,14399000000,3174000000,11225000000,1329000000,1607000000,40.48248133256749,0.02525539160045403,0.005097803362259071,0.020875739861621702,2.0429909194097617
2018-03-31,2018-04-25,NOC,739000000,4.24,174300000,6735000000,1224000000,7680000000,14392000000,4023000000,10369000000,-542000000,-237000000,44.06196213425129,0.09622395833333333,0.021238683718925132,0.08279329791992064,1.8739583333333334
2018-06-30,2018-07-25,NOC,689000000,4.52,174500000,7119000000,1234000000,8227000000,14387000000,12848000000,1539000000,676000000,875000000,47.146131805157594,0.0837486325513553,0.018433303012467227,0.043128263381523445,1.748754102345934
2018-09-30,2018-10-24,NOC,1144000000,7.15,174100000,8085000000,1695000000,9103000000,13889000000,12661000000,1228000000,530000000,812000000,52.28604250430787,0.1256728551027134,0.030150488891231585,0.06361205238765462,1.52576073821817
2018-12-31,2019-01-31,NOC,657000000,3.86,170000000,8156000000,1193000000,8187000000,13883000000,12304000000,1579000000,1914000000,2377000000,48.15882352941176,0.08024917552216929,0.017448808859851804,0.03786276218206098,1.6957371442530842
2019-03-31,2019-04-24,NOC,863000000,5.08,170000000,8189000000,1406000000,8739000000,14961000000,14206000000,755000000,-1197000000,-913000000,51.40588235294118,0.09875271770225426,0.021710145656713038,0.04263142077619807,1.7119807758324752
2019-06-30,2019-07-24,NOC,861000000,5.07,169700000,8456000000,1410000000,9214000000,14919000000,13831000000,1088000000,1355000000,1607000000,54.29581614614025,0.09344475797699153,0.021751212611156024,0.04234081854736926,1.619166485782505
2019-09-30,2019-10-24,NOC,933000000,5.52,169100000,8475000000,1436000000,9731000000,15130000000,14003000000,1127000000,882000000,1139000000,57.545830869308105,0.09587914911108827,0.023006929203758044,0.043893835987087536,1.5548247867639502
2019-12-31,2020-01-30,NOC,-409000000,-2.44,167700000,8721000000,-98000000,8819000000,14078000000,11833000000,2245000000,1993000000,2464000000,52.58795468097794,-0.04637714026533621,-0.009954002287716908,-0.015279651379101061,1.5963261140718903
2020-03-31,2020-04-29,NOC,868000000,5.18,167700000,8620000000,1475000000,9062000000,17369000000,14091000000,3278000000,-1265000000,-993000000,54.036970781156825,0.0957845950121386,0.020091197370552972,0.04194009140812291,1.9166850584859854
2020-06-30,2020-07-30,NOC,1005000000,6.02,166900000,8884000000,1665000000,9712000000,17395000000,13217000000,4178000000,2068000000,2337000000,58.190533253445174,0.10348023064250411,0.023116733755031628,0.0494419018092172,1.7910831960461284
2020-09-30,2020-10-22,NOC,986000000,5.91,166800000,9083000000,1638000000,10467000000,17358000000,12363000000,4995000000,1072000000,1359000000,62.75179856115108,0.0942008216298844,0.02202269275440007,0.04888807815750785,1.6583548294640298
2020-12-31,2021-01-28,NOC,330000000,1.98,166800000,10212000000,810000000,10579000000,16609000000,11702000000,4907000000,1010000000,1602000000,63.42326139088729,0.031193874657340012,0.007420899952776091,0.02258043867413315,1.569997164193213
2021-03-31,2021-04-29,NOC,2195000000,13.46,163100000,9157000000,1503000000,10525000000,14160000000,10643000000,3517000000,-271000000,-66000000,64.53096259963213,0.20855106888361044,0.05298988484658282,0.041567093791539604,1.3453681710213776
2021-06-30,2021-07-29,NOC,1037000000,6.44,161000000,9151000000,1738000000,11172000000,14159000000,10218000000,3941000000,798000000,1028000000,69.3913043478261,0.09282133906194057,0.024607280148070808,0.053544624050890166,1.2673648406731113
2021-09-30,2021-10-28,NOC,1063000000,6.65,159800000,8720000000,1721000000,11417000000,14147000000,10092000000,4055000000,916000000,1163000000,71.44555694618273,0.09310677060523781,0.025102725168847116,0.054537717453432624,1.2391171060698958
2021-12-31,2022-01-27,NOC,2710000000,16.96,159800000,8639000000,3809000000,12926000000,14657000000,11127000000,3530000000,709000000,1442000000,80.88861076345432,0.20965495899736963,0.06364639845933441,0.11714762684323737,1.1339161380164011
2022-03-31,2022-04-28,NOC,955000000,6.12,156000000,8797000000,1580000000,13287000000,14493000000,12319000000,2174000000,-732000000,-488000000,85.17307692307692,0.07187476480770678,0.02279073097391595,0.04150152062262505,1.0907654097990518
2022-06-30,2022-07-28,NOC,946000000,6.09,155400000,8801000000,1661000000,13651000000,14502000000,13333000000,1169000000,-460000000,-197000000,87.84427284427285,0.0692989524576954,0.022570024335544208,0.040575606800809495,1.06233975532928
2022-09-30,2022-10-27,NOC,915000000,5.92,154600000,8971000000,1547000000,13943000000,14568000000,12902000000,1666000000,1039000000,1335000000,90.1875808538163,0.06562432761959407,0.021412023494723046,0.03814969045881812,1.0448253603958977
2022-12-31,2023-01-26,NOC,2080000000,13.58,153157924,10033000000,2896000000,15312000000,15000000000,12423000000,2577000000,1619000000,2251000000,99.97523863016059,0.13584117032392895,0.04753742429436636,0.07689179019213242,0.9796238244514106
2023-03-31,2023-04-27,NOC,842000000,5.52,152600000,9301000000,1425000000,15136000000,16641000000,14146000000,2495000000,-1011000000,-702000000,99.18741808650066,0.055628964059196616,0.019030829038965736,0.03247167786840672,1.0994318181818181
2023-06-30,2023-07-27,NOC,812000000,5.35,151700000,9576000000,1457000000,15486000000,16665000000,13281000000,3384000000,615000000,919000000,102.08305866842453,0.052434456928838954,0.017803503694446273,0.03243077728691785,1.0761332816737699
2023-09-30,2023-10-26,NOC,937000000,6.2,151200000,9775000000,1576000000,15928000000,15529000000,13447000000,2082000000,869000000,1228000000,105.34391534391534,0.058827222501255653,0.020870456165359944,0.03592077037262589,0.9749497739829232
2023-12-31,2024-01-25,NOC,-535000000,-3.54,151100000,10638000000,-229000000,14795000000,16048000000,12939000000,3109000000,1627000000,2430000000,97.91528788881536,-0.036160865157147684,-0.011494499828119628,-0.016028616449590603,1.0846907739101048
2024-03-31,2024-04-25,NOC,944000000,6.34,148900000,10133000000,1538000000,14223000000,18154000000,15093000000,3061000000,-976000000,-706000000,95.52048354600403,0.06637137031568587,0.019741519929733574,0.03527572779622973,1.2763833227870351
2024-06-30,2024-07-25,NOC,940000000,6.37,147500000,10218000000,1583000000,14301000000,18166000000,14894000000,3272000000,1105000000,1425000000,96.95593220338984,0.06572966925389832,0.019718900776169498,0.03531588013080487,1.270260820921614
2024-09-30,2024-10-24,NOC,1026000000,7.02,146200000,9996000000,1680000000,14748000000,18099000000,14773000000,3326000000,730000000,1091000000,100.87551299589603,0.06956875508543531,0.02124707490318706,0.03946497254650772,1.2272172497965825
2024-12-31,2025-01-30,NOC,1264000000,8.66,147000000,10686000000,2125000000,15290000000,18396000000,14043000000,4353000000,1762000000,2578000000,104.01360544217687,0.08266841072596469,0.02560829838529954,0.04753667523433041,1.203139306736429
2025-03-31,2025-04-22,NOC,481000000,3.33,144600000,9468000000,1071000000,14984000000,16626000000,14941000000,1685000000,-1821000000,-1565000000,103.6237897648686,0.032100907634810466,0.009924073615581414,0.020411698219019288,1.1095835557928457
2025-06-30,2025-07-22,NOC,1174000000,8.17,143700000,10351000000,1950000000,15471000000,17516000000,15617000000,1899000000,637000000,868000000,107.66179540709813,0.07588391183504621,0.023740672584983115,0.042341995649666515,1.1321827936138582
