date,filingDate,symbol,netIncome,eps,weightedAverageShsOut,revenue,ebitda,totalStockholdersEquity,totalDebt,netDebt,cashAndCashEquivalents,freeCashFlow,operatingCashFlow,bookValuePerShare,ROE,ROA,ROIC,debtToEquity
2015-10-03,2015-11-12,NUE,226389000,0.71,320819000,4225514000,574173000,7709087000,4415201000,2519776000,1895425000,454761000,562595000,24.02939663797967,0.02936651253254763,0.01482625327876518,0.02960316998691108,0.5727268352270509
2015-12-31,2016-02-26,NUE,-62022000,-0.19,320629000,3456713000,237724000,7416878000,4388460000,2448991000,1939469000,308708000,399744000,23.132274373185208,-0.008362278575972262,-0.004329038472827016,-0.004925555660991778,0.5916856121942413
2016-04-02,2016-05-11,NUE,87196000,0.22,319240000,3715576000,387298000,7426468000,4374530000,2096042000,2278488000,470162000,550859000,23.26296203483273,0.011741247656355619,0.006057337272450411,0.01780165679053201,0.5890458290535958
2016-07-02,2016-08-10,NUE,242768000,0.73,319360000,4245772000,604675000,7573763000,4357512000,2576362000,1781150000,168868000,315513000,23.715440255511023,0.032053815256696046,0.01626631712256215,0.03037031304539301,0.5753430626228996
2016-10-01,2016-11-09,NUE,304413000,0.84,319737000,4290236000,702191000,7727246000,4368142000,2663435000,1704707000,215624000,315718000,24.167506419338395,0.03939475978893386,0.02014155520968786,0.037171853880802935,0.5652909199474172
2016-12-31,2017-02-28,NUE,159639000,0.5,319921000,3956538000,577665000,7879865000,4357100000,2311139000,2045961000,288449000,565853000,24.630658818895913,0.02025910342372617,0.01048634093643795,0.03083235872210174,0.5529409450542617
2017-04-01,2017-05-10,NUE,355707000,1.11,320224000,4815179000,776168000,8134023000,4388061000,2730302000,1657759000,149607000,244142000,25.401041146197663,0.043730759059815785,0.02240609091012166,0.037692028997200956,0.5394699523224854
2017-07-01,2017-08-09,NUE,321910000,1.0,320439000,5174769000,738529000,8377065000,4379891000,2868538000,1511353000,12019000,106719000,26.142463932292884,0.03842753995581985,0.01997861938312731,0.0332318062678673,0.5228431437502276
2017-09-30,2017-11-08,NUE,253950000,0.84,320096000,5170117000,597721000,8519035000,4391858000,2815914000,1575944000,312630000,415707000,26.614000174947517,0.02980971436318785,0.015387333634111927,0.02583603793601591,0.5155346820385173
2017-12-31,2018-02-28,NUE,382581000,1.2,319210000,5092328000,551882000,8739036000,3795075000,2845971000,949104000,132527000,288770000,27.377074653049718,0.043778398441201065,0.02415092286231308,0.038950659843254284,0.43426700610914065
2018-03-31,2018-05-09,NUE,352998000,1.11,319421000,5568419000,737208000,8976027000,3816901000,3056647000,760254000,-44282000,127921000,28.100929494303756,0.03932675336203868,0.02189644646573844,0.03405013871887747,0.4252327895181242
2018-06-30,2018-08-08,NUE,680234000,2.14,318467000,6460774000,1128899000,9373407000,4291412000,2804959000,1486453000,553388000,742671000,29.43289885608242,0.07257062453385413,0.038978111692551075,0.0608634099664725,0.4578284075363419
2018-09-29,2018-11-07,NUE,673849000,2.13,315913000,6742202000,1147330000,9792137000,4285589000,2353434000,1932155000,767614000,1030867000,30.99630911041964,0.06881531579878836,0.03751338940781978,0.06097518211720843,0.4376561520738527
2018-12-31,2019-02-28,NUE,644142000,2.08,309804000,6295884000,1096847000,9792078000,4291146000,2892260000,1398886000,134701000,492493000,31.607332377890536,0.06578195149180797,0.03594424468661408,0.05620000266320145,0.43822628863863217
2019-03-30,2019-05-08,NUE,499838000,1.63,306585000,6096624000,906349000,10114191000,4305230000,2754423000,1550807000,361922000,650708000,32.98984294730662,0.04941947408349318,0.027635669042519535,0.04346384024256665,0.42566231940844307
2019-06-29,2019-08-07,NUE,386483000,1.26,305461000,5895986000,761631000,10300717000,4294395000,2862603000,1431792000,175986000,537147000,33.72187284137746,0.037520009529433726,0.021321458992589845,0.03377790029938973,0.4169025321247055
2019-09-28,2019-11-06,NUE,275031000,0.9,304637000,5464502000,598945000,10449047000,4364200000,2677835000,1686365000,597660000,932359000,34.29999310654976,0.026321156369571313,0.014861507711037317,0.024759870317073537,0.4176648836970491
2019-12-31,2020-02-28,NUE,107823000,0.35,303560000,5131746000,407893000,10357866000,4383009000,2848404000,1534605000,196552000,689199000,34.12131374357623,0.010409769734422128,0.005877621320551707,0.01231173040428633,0.4231575307114419
2020-04-04,2020-05-13,NUE,20331000,0.07,302909000,5624337000,391168000,10168204000,4325839000,3080682000,1245157000,-215351000,201206000,33.56851067482313,0.0019994681459970707,0.0011379676807327592,0.005439745273262787,0.42542803035816357
2020-07-04,2020-08-12,NUE,108881000,0.36,302921000,4327306000,414487000,10194820000,5373276000,2584087000,2789189000,788002000,1148762000,33.65504537486672,0.01068003162390312,0.005802046417543676,0.012655491168494234,0.5270594282194291
2020-10-03,2020-11-12,NUE,193415000,0.63,303394000,4927960000,529408000,10302414000,5526446000,2659868000,2866578000,453859000,855623000,33.95721075565107,0.01877375535481296,0.009908922343793779,0.01967569972399375,0.53642243458669
2020-12-31,2021-02-26,NUE,396669000,1.31,303467000,5260055000,452554000,10788665000,5340580000,2700909000,2639671000,127148000,491286000,35.55136143303885,0.036767199648890754,0.019709874996732983,0.0370625718910258,0.4950176875452153
2021-04-03,2021-05-12,NUE,942432000,3.1,301846000,7017140000,1540166000,11447240000,5339979000,2879256000,2460723000,216901000,530411000,37.9241069949577,0.08232831669467924,0.044512272765573006,0.0711044718022802,0.46648615736194926
2021-07-03,2021-08-11,NUE,1500192000,5.05,296817000,8789164000,2266809000,12253978000,5388209000,2665553000,2722656000,963907000,1352775000,41.28462318532968,0.1224248974496282,0.06523827055127372,0.10728716885793096,0.4397110064992772
2021-10-02,2021-11-10,NUE,2118301000,7.29,290510000,10313223000,3131940000,13422520000,5667812000,3903519000,1764293000,1232467000,1737177000,46.20329764896217,0.15781693750502887,0.08490361662461969,0.1302830506822049,0.4222613935386202
2021-12-31,2022-02-28,NUE,2240379000,7.99,280451000,10364412000,3289627000,14016389000,5684811000,3319953000,2364858000,2195512000,2610413000,49.97803181304399,0.15983995592588077,0.08675881010593937,0.13680545212455367,0.405583135570795
2022-04-02,2022-05-11,NUE,2087203000,7.69,271564000,10493282000,3179080000,15204562000,6828388000,3103122000,3725266000,2024486000,2472168000,55.98887186814158,0.13727478634373025,0.07289535229233761,0.12349929637890049,0.44910126316035937
2022-07-02,2022-08-10,NUE,2550192000,9.69,263221000,11794474000,3801564000,16808644000,7351365000,5348657000,2002708000,1740460000,2261573000,63.85753416330764,0.15171907977823793,0.08052782615837582,0.12532500557238033,0.43735621981166356
2022-10-01,2022-11-09,NUE,1687855000,6.51,259102000,10500755000,2646707000,17708457000,6710673000,3660809000,3049864000,2343450000,2804780000,68.34550485909024,0.09531349908125818,0.052625902699067716,0.08541728308997806,0.37895300533524745
2022-12-31,2023-03-01,NUE,1255733000,4.92,255402000,8723956000,1877378000,18414694000,6691350000,2410498000,4280852000,2015761000,2533533000,72.10082145010611,0.06819190153254787,0.03866267067456382,0.06604164400525066,0.3633701434300239
2023-04-01,2023-05-10,NUE,1136542000,4.47,253608000,8709980000,1939324000,19017381000,6670947000,2870913000,3800034000,675440000,1207173000,74.98730718273872,0.059763329135594435,0.035245557719794374,0.05847768604800417,0.35078158238508234
2023-07-01,2023-08-09,NUE,1461354000,5.82,250144000,9523256000,2396797000,19953679000,6679112000,2168549000,4510563000,1395071000,1920424000,79.76876918894716,0.07323732129799221,0.04377943910943335,0.07386936675646191,0.33473085339300085
2023-09-30,2023-11-08,NUE,1141506000,4.58,248504000,8775734000,1902097000,20465717000,6681458000,825508000,5855950000,2024850000,2464012000,82.35568441554261,0.05577649686057908,0.03331134377925671,0.059702270345897784,0.32647075106139695
2023-12-31,2024-02-27,NUE,785399000,3.17,246868000,7704531000,1638547000,20940000000,6842000000,459000000,6383000000,802413000,1520322000,84.8226582627153,0.03750711556829035,0.022224080362195812,0.05020807578818496,0.32674307545367715
2024-03-30,2024-05-08,NUE,844841000,3.46,243100000,8137000000,1584000000,20693713000,6851452000,2293693000,4557759000,-210000000,460000000,85.12428218839983,0.040825974536324146,0.02489767560769498,0.04316583408625522,0.331088577482446
2024-06-29,2024-08-07,NUE,645217000,2.68,239580000,8077000000,1297000000,20723525000,6892268000,2253290000,4638978000,684000000,1485000000,86.49939477418816,0.031134519827104704,0.01887414811515794,0.03329882763242736,0.33258183634299665
2024-09-28,2024-11-06,NUE,249910000,1.05,236462000,7444160000,803586000,20472858000,6939067000,2676268000,4262799000,477773000,1300632000,86.5799071309555,0.012206893634489136,0.007276207134584443,0.015284100815041592,0.33893982950499635
2024-12-31,2025-02-27,NUE,287032000,1.22,234000000,7075585000,800571000,20294000000,6950000000,3392000000,3558000000,-145773000,733368000,86.72649572649573,0.014143687789494432,0.008457041838538598,0.016527846111026763,0.3424657534246575
2025-04-05,2025-05-14,NUE,156000000,0.67,232700000,7830000000,704000000,20069000000,7880000000,4724000000,3156000000,-495000000,364000000,86.2440911044263,0.007773182520304948,0.004495806795584887,0.010746666610057593,0.39264537346155765
2025-07-05,2025-08-13,NUE,603000000,2.61,230600000,8456000000,1314000000,20389000000,6881000000,4935000000,1946000000,-222000000,732000000,88.41717259323504,0.029574770709696406,0.017622819066545867,0.029398220420414827,0.3374858992594046
