date,filingDate,symbol,netIncome,eps,weightedAverageShsOut,revenue,ebitda,totalStockholdersEquity,totalDebt,netDebt,cashAndCashEquivalents,freeCashFlow,operatingCashFlow,bookValuePerShare,ROE,ROA,ROIC,debtToEquity
2015-10-25,2015-11-18,NVDA,246000000,0.011,21680000000,1305000000,305000000,4465000000,1417000000,946000000,471000000,238000000,255000000,0.20595018450184502,0.05509518477043673,0.03429049344856426,0.04768970238252389,0.3173572228443449
2016-01-31,2016-03-17,NVDA,208000000,0.0095,21560000000,1401000000,312000000,4469000000,1510000000,914000000,596000000,496000000,511000000,0.20728200371057515,0.046542850749608414,0.028222523744911805,0.04046568301199021,0.3378831953457149
2016-05-01,2016-05-25,NVDA,208000000,0.009,21480000000,1305000000,298000000,4196000000,1509000000,962000000,547000000,264000000,319000000,0.19534450651769086,0.04957102001906578,0.029262802476083285,0.04233362669116499,0.359628217349857
2016-07-31,2016-08-23,NVDA,261000000,0.012,21360000000,1428000000,376000000,4480000000,1508000000,1082000000,426000000,168000000,200000000,0.20973782771535582,0.05825892857142857,0.03498190591073583,0.048701928475901705,0.3366071428571429
2016-10-30,2016-11-22,NVDA,542000000,0.025,21520000000,2004000000,685000000,5324000000,3045000000,1105000000,1940000000,394000000,432000000,0.24739776951672862,0.10180315552216379,0.05638784852267998,0.08647761288986174,0.571938392186326
2017-01-29,2017-03-01,NVDA,654000000,0.03,22120000000,2173000000,791000000,5762000000,2816000000,1050000000,1766000000,670000000,721000000,0.2604882459312839,0.11350225616105519,0.06645666090844426,0.09852309312167169,0.4887191947240542
2017-04-30,2017-05-23,NVDA,507000000,0.022,23680000000,1937000000,599000000,6132000000,2210000000,221000000,1989000000,228000000,282000000,0.2589527027027027,0.08268101761252446,0.0538788522848034,0.08218704995407035,0.3604044357469015
2017-07-30,2017-08-23,NVDA,583000000,0.025,23880000000,2230000000,748000000,5973000000,2073000000,85000000,1988000000,651000000,705000000,0.2501256281407035,0.09760589318600368,0.06200808338651351,0.0983468286099865,0.3470617780010045
2017-10-29,2017-11-21,NVDA,838000000,0.035,24120000000,2636000000,960000000,6352000000,2010000000,-792000000,2802000000,1088000000,1157000000,0.2633499170812604,0.13192695214105793,0.08524923702950153,0.1532426291109969,0.31643576826196473
2018-01-28,2018-02-28,NVDA,1119000000,0.046,24240000000,2911000000,1148000000,7471000000,2000000000,-2002000000,4002000000,942000000,1358000000,0.3082095709570957,0.14977914603132111,0.09954630370963437,0.20745219792203115,0.26770178021683844
2018-04-29,2018-05-22,NVDA,1244000000,0.051,24240000000,3207000000,1383000000,7717000000,2000000000,1235000000,765000000,1327000000,1445000000,0.3183580858085809,0.16120253984709085,0.10855148342059337,0.14055332993867115,0.25916807049371515
2018-07-29,2018-08-16,NVDA,1101000000,0.045,24280000000,3123000000,1253000000,8795000000,2001000000,1283000000,718000000,784000000,913000000,0.3622322899505766,0.1251847640704946,0.08546809501630181,0.11054402776983596,0.227515633882888
2018-10-28,2018-11-15,NVDA,1230000000,0.051,24360000000,3181000000,1164000000,9475000000,1990000000,1269000000,721000000,337000000,487000000,0.3889573070607553,0.12981530343007916,0.09006370359522589,0.11607106571712164,0.21002638522427441
2019-01-27,2019-02-21,NVDA,566000000,0.023,24360000000,2205000000,416000000,9342000000,1988000000,1206000000,782000000,695000000,898000000,0.3834975369458128,0.06058659815885249,0.042582004213060486,0.05597808021648244,0.21280239777349605
2019-04-28,2019-05-16,NVDA,394000000,0.016,24280000000,2220000000,493000000,9704000000,2554000000,-218000000,2772000000,592000000,720000000,0.399670510708402,0.04060181368507832,0.028100706083731546,0.04292294909505389,0.2631904369332234
2019-07-28,2019-08-15,NVDA,552000000,0.023,24360000000,2579000000,711000000,10336000000,2556000000,-4549000000,7105000000,823000000,936000000,0.42430213464696226,0.053405572755417956,0.037360406091370556,0.09743244931024986,0.24729102167182662
2019-10-27,2019-11-14,NVDA,899000000,0.037,24400000000,3014000000,1064000000,11214000000,2548000000,-7217000000,9765000000,1537000000,1640000000,0.45959016393442625,0.08016764758337792,0.056862745098039215,0.2279676389200138,0.2272159800249688
2020-01-26,2020-02-20,NVDA,951000000,0.039,24480000000,3105000000,1135000000,12204000000,2643000000,-8253000000,10896000000,1320000000,1465000000,0.4985294117647059,0.07792527040314651,0.054923476754259314,0.24377836170250927,0.2165683382497542
2020-04-26,2020-05-21,NVDA,917000000,0.037,24560000000,3080000000,1113000000,13099000000,7578000000,-7916000000,15494000000,754000000,909000000,0.5333469055374593,0.07000534391938316,0.03943407585791692,0.1814333419280432,0.5785174440797007
2020-07-26,2020-08-19,NVDA,622000000,0.025,24640000000,3866000000,1067000000,13914000000,7695000000,4421000000,3274000000,1350000000,1567000000,0.5646915584415585,0.04470317665660486,0.02470214455917395,0.03693224485190106,0.5530401034928849
2020-10-25,2020-11-18,NVDA,1336000000,0.054,24720000000,4726000000,1700000000,15334000000,7681000000,5430000000,2251000000,806000000,1279000000,0.6203074433656958,0.0871266466675362,0.04970053197425691,0.06687190280827293,0.5009130037824442
2021-01-31,2021-02-26,NVDA,1457000000,0.059,24760000000,5003000000,1811000000,16893000000,7718000000,6871000000,847000000,1784000000,2067000000,0.6822697899838449,0.08624874208251938,0.050606092181584524,0.06352176790595046,0.4568756289587403
2021-05-02,2021-05-26,NVDA,1912000000,0.077,24840000000,5661000000,2378000000,18774000000,7738000000,6760000000,978000000,1576000000,1874000000,0.7557971014492754,0.10184297432619581,0.06208598519288219,0.07682217041642186,0.41216576115904974
2021-08-01,2021-08-20,NVDA,2374000000,0.095,24930000000,6507000000,2740000000,21147000000,12791000000,7163000000,5628000000,2499000000,2682000000,0.8482551143200963,0.11226178654182627,0.06142302716688228,0.08595898081480635,0.6048612096278432
2021-10-31,2021-11-22,NVDA,2464000000,0.099,24990000000,7103000000,2998000000,23798000000,11827000000,10539000000,1288000000,1297000000,1519000000,0.9523009203681473,0.10353811244642407,0.06064185863358929,0.07344586126588172,0.49697453567526684
2022-01-30,2022-03-18,NVDA,3003000000,0.12,25040000000,7643000000,3235000000,26612000000,11831000000,9841000000,1990000000,2760000000,3033000000,1.062779552715655,0.11284382985119495,0.06796116504854369,0.08413404163979063,0.44457387644671575
2022-05-01,2022-05-27,NVDA,1618000000,0.065,25060000000,8288000000,2207000000,26320000000,11699000000,7812000000,3887000000,1370000000,1731000000,1.0502793296089385,0.0614741641337386,0.035786959214367864,0.04919005990430504,0.4444908814589666
2022-07-31,2022-08-31,NVDA,656000000,0.026,24950000000,6704000000,918000000,23851000000,11692000000,8679000000,3013000000,837000000,1270000000,0.9559519038076152,0.02750408787891493,0.015088784616800074,0.022925558593686796,0.49021005408578255
2022-10-30,2022-11-18,NVDA,680000000,0.027,24830000000,5931000000,1084000000,21349000000,11748000000,8948000000,2800000000,-138000000,392000000,0.8598066854611357,0.03185160897465923,0.01679509978265165,0.024824385403429374,0.5502833856386716
2023-01-29,2023-02-24,NVDA,1414000000,0.0574,24640000000,6051000000,1778000000,22101000000,12031000000,8642000000,3389000000,1739000000,2248000000,0.8969561688311688,0.06397900547486539,0.03433538924772959,0.04827963665111464,0.5443645083932853
2023-04-30,2023-05-26,NVDA,2043000000,0.083,24700000000,7192000000,2659000000,24520000000,12080000000,7001000000,5079000000,2663000000,2911000000,0.9927125506072875,0.08331973898858075,0.04595141700404858,0.0667504295461393,0.4926590538336052
2023-07-30,2023-08-28,NVDA,6188000000,0.25,24730000000,13507000000,7411000000,27501000000,10954000000,5171000000,5783000000,6059000000,6348000000,1.1120501415285078,0.22500999963637686,0.1248713550600343,0.1911611284077209,0.39831278862586816
2023-10-29,2023-11-21,NVDA,9243000000,0.38,24680000000,18120000000,10957000000,33265000000,11027000000,5508000000,5519000000,7054000000,7332000000,1.3478525121555915,0.2778596122050203,0.17069882544138287,0.239814872339993,0.33148955358484894
2024-01-28,2024-02-21,NVDA,12285000000,0.5,24660000000,22103000000,14556000000,42978000000,11056000000,3776000000,7280000000,11245000000,11499000000,1.7428223844282238,0.28584392014519056,0.18690664556962025,0.26393179359710867,0.25724789427148775
2024-04-28,2024-05-29,NVDA,14881000000,0.6,24620000000,26044000000,17753000000,49142000000,11237000000,3650000000,7587000000,14976000000,15345000000,1.9960194963444353,0.3028163281917708,0.19307919867137222,0.282923890068839,0.22866387204427985
2024-07-28,2024-08-28,NVDA,16599000000,0.68,24578000000,30040000000,19708000000,58157000000,10015000000,1452000000,8563000000,13511000000,14488000000,2.3662218243958013,0.2854170607149612,0.19476222323911435,0.2793487221835481,0.17220626923672128
2024-10-27,2024-11-20,NVDA,19309000000,0.79,24533000000,35082000000,22855000000,65899000000,10225000000,1118000000,9107000000,16814000000,17627000000,2.6861370399054336,0.2930089986190989,0.2011081832668493,0.28890849294075605,0.1551616868237758
2025-01-26,2025-02-26,NVDA,22091000000,0.9,24489000000,39331000000,25821000000,79327000000,10270000000,1681000000,8589000000,15552000000,16629000000,3.2392911102944177,0.2784802148070644,0.1979462549618731,0.2733611272523056,0.1294641168832806
2025-04-27,2025-05-28,NVDA,18775000000,0.77,24441000000,44062000000,22584000000,83843000000,10285000000,-4949000000,15234000000,26187000000,27414000000,3.430424287058631,0.2239304414202736,0.14989541252175578,0.2386618199483255,0.1226697517980034
2025-07-27,2025-08-27,NVDA,26422000000,1.08,24366000000,46743000000,28440000000,100131000000,10598000000,-1041000000,11639000000,13470000000,15365000000,4.1094557990642695,0.2638743246347285,0.1877362512434276,0.22977602301562042,0.10584134783433702
