date,filingDate,symbol,netIncome,eps,weightedAverageShsOut,revenue,ebitda,totalStockholdersEquity,totalDebt,netDebt,cashAndCashEquivalents,freeCashFlow,operatingCashFlow,bookValuePerShare,ROE,ROA,ROIC,debtToEquity
2015-09-30,2015-10-30,PEG,439000000,0.87,505000000,2688000000,1189000000,12933000000,9258000000,8987000000,271000000,-45000000,994000000,25.60990099009901,0.033944173818912855,0.01205249286184933,0.02268293543573819,0.7158431918348411
2015-12-31,2016-02-26,PEG,309000000,0.61,505000000,2278000000,848000000,13066000000,9932000000,9538000000,394000000,-390000000,691000000,25.873267326732673,0.023649165773763966,0.00823231650459571,0.01683194955561414,0.7601408235114037
2016-03-31,2016-05-02,PEG,471000000,0.93,505000000,2616000000,1128000000,13318000000,10250000000,9658000000,592000000,133000000,1214000000,26.372277227722773,0.03536567052109926,0.012353774327230761,0.023000935585881795,0.7696350803423938
2016-06-30,2016-07-29,PEG,187000000,0.37,505000000,1905000000,646000000,13318000000,10935000000,10287000000,648000000,-418000000,508000000,26.372277227722773,0.01404114731941733,0.0047893456268408244,0.010686219082349034,0.8210692296140562
2016-09-30,2016-10-31,PEG,327000000,0.65,505000000,2450000000,894000000,13476000000,10952000000,10502000000,450000000,-16000000,1039000000,26.685148514851484,0.024265360641139804,0.008280996758508914,0.01625907891295176,0.8127040664885723
2016-12-31,2017-02-27,PEG,-98000000,-0.19,505000000,2090000000,694000000,13130000000,11783000000,11360000000,423000000,-763000000,550000000,26.0,-0.007463823305407464,-0.0024457199900174693,-0.0024427641148505826,0.8974105102817974
2017-03-31,2017-04-28,PEG,114000000,0.23,505000000,2592000000,1123000000,13005000000,11713000000,11520000000,193000000,120000000,1197000000,25.752475247524753,0.008765859284890426,0.002874142799515934,0.007833878659566734,0.9006535947712418
2017-06-30,2017-07-28,PEG,109000000,0.22,505000000,2133000000,947000000,12918000000,12521000000,12091000000,430000000,-375000000,558000000,25.58019801980198,0.008437838674717448,0.0026897640904155564,0.0067192477374811745,0.9692676884966713
2017-09-30,2017-10-31,PEG,395000000,0.78,505000000,2263000000,1050000000,13124000000,12726000000,12448000000,278000000,-148000000,978000000,25.98811881188119,0.030097531240475466,0.009597395339796389,0.017833998304269717,0.9696738799146601
2017-12-31,2018-02-26,PEG,956000000,1.88,505000000,2096000000,724000000,13847000000,13610000000,13297000000,313000000,-644000000,527000000,27.41980198019802,0.0690402253195638,0.02238037269407248,0.046807944249546034,0.9828843792879324
2018-03-31,2018-04-30,PEG,558000000,1.1,504000000,2818000000,1193000000,14104000000,13666000000,13548000000,118000000,70000000,1140000000,27.984126984126984,0.039563244469654,0.013040430007010984,0.022914208166155296,0.9689449801474759
2018-06-30,2018-08-01,PEG,269000000,0.53,504000000,2016000000,802000000,14158000000,14330000000,14235000000,95000000,-486000000,493000000,28.091269841269842,0.01899985873710976,0.0061546205413320525,0.01234747885792677,1.0121486085605311
2018-09-30,2018-10-30,PEG,412000000,0.82,504000000,2394000000,998000000,14359000000,14778000000,14690000000,88000000,-231000000,859000000,28.490079365079364,0.02869280590570374,0.009140727264659552,0.017587908469107117,1.0291803050351696
2018-12-31,2019-02-28,PEG,199000000,0.39,504000000,2468000000,683000000,14377000000,15478000000,15301000000,177000000,-498000000,421000000,28.525793650793652,0.013841552479655005,0.004390416096721529,0.011231383516409461,1.0765806496487444
2019-03-31,2019-05-02,PEG,700000000,1.39,504000000,2980000000,1343000000,14814000000,15517000000,15452000000,65000000,402000000,1218000000,29.392857142857142,0.04725259889293911,0.015298540082175016,0.02675141814817141,1.0474551100310516
2019-06-30,2019-07-31,PEG,153000000,0.3,504000000,2316000000,605000000,14754000000,15995000000,15913000000,82000000,-211000000,606000000,29.273809523809526,0.010370069133794225,0.0033059636992221263,0.00960303389968056,1.0841127829741086
2019-09-30,2019-10-31,PEG,403000000,0.8,504000000,2302000000,935000000,14925000000,16125000000,16005000000,120000000,62000000,885000000,29.613095238095237,0.027001675041876047,0.008608352023923956,0.017452804477666548,1.0804020100502512
2019-12-31,2020-02-26,PEG,437000000,0.86,504000000,2478000000,1048000000,15089000000,16496000000,16349000000,147000000,-138000000,670000000,29.938492063492063,0.028961495128901848,0.00915566729520218,0.017849640859653744,1.0932467360328717
2020-03-31,2020-05-05,PEG,448000000,0.88,504000000,2781000000,995000000,15249000000,17033000000,16234000000,799000000,404000000,1153000000,30.25595238095238,0.029378975670535774,0.009262896722836762,0.018047680397396036,1.1169912781165978
2020-06-30,2020-07-31,PEG,451000000,0.89,504000000,2050000000,1052000000,15491000000,17101000000,16670000000,431000000,-204000000,511000000,30.73611111111111,0.029113678910335034,0.009245592455924559,0.01730362195560728,1.1039313149570718
2020-09-30,2020-10-30,PEG,575000000,1.15,504000000,2370000000,1213000000,15836000000,17445000000,16479000000,966000000,131000000,853000000,31.42063492063492,0.03630967416014145,0.011598354042278523,0.021602855156051867,1.101603940388987
2020-12-31,2021-03-01,PEG,431000000,0.85,504000000,2402000000,1069000000,15984000000,17495000000,16952000000,543000000,-263000000,585000000,31.714285714285715,0.026964464464464464,0.008611388611388611,0.016564537899355254,1.094532032032032
2021-03-31,2021-05-05,PEG,648000000,1.29,504000000,2889000000,1301000000,16277000000,17684000000,16881000000,803000000,394000000,1027000000,32.29563492063492,0.03981077594151256,0.012906823885591364,0.0232725311609655,1.0864409903544878
2021-06-30,2021-08-09,PEG,-177000000,-0.35,504000000,1874000000,256000000,15878000000,17349000000,17242000000,107000000,-648000000,22000000,31.503968253968253,-0.011147499685098879,-0.003590846384808894,-0.0024820356558122613,1.0926439098123188
2021-09-30,2021-11-02,PEG,-1564000000,-3.1,504000000,1903000000,-1770000000,14069000000,19976000000,18165000000,1811000000,-614000000,129000000,27.91468253968254,-0.11116639420001422,-0.03164326467850929,-0.04540937316620212,1.419859265050821
2021-12-31,2022-02-24,PEG,445000000,0.88,504000000,3056000000,1008000000,14438000000,19629000000,18811000000,818000000,-130000000,558000000,28.646825396825395,0.030821443413215126,0.009081817996285638,0.014720126229979914,1.359537332040449
2022-03-31,2022-05-03,PEG,-2000000,-0.004,501000000,2313000000,316000000,13598000000,19528000000,17925000000,1603000000,-214000000,472000000,27.14171656686627,-0.00014708045300779526,-4.186377527525432e-05,-7.0037503022942255e-06,1.436093543168113
2022-06-30,2022-08-02,PEG,131000000,0.26,497000000,2076000000,560000000,13428000000,21163000000,18956000000,2207000000,-721000000,-116000000,27.01810865191147,0.009755734286565386,0.002640703112401226,0.010236851657659111,1.5760351504319332
2022-09-30,2022-10-31,PEG,114000000,0.23,497000000,2272000000,536000000,13251000000,20084000000,19707000000,377000000,-452000000,345000000,26.661971830985916,0.008603124292506226,0.002387884627469052,0.013710011088492792,1.5156591955324126
2022-12-31,2023-02-22,PEG,788000000,1.59,497000000,3139000000,1436000000,13729000000,20439000000,19974000000,465000000,2000000,802000000,27.62374245472837,0.057396751402141455,0.016174719816084406,0.026014825594131173,1.488746449122296
2023-03-31,2023-05-02,PEG,1287000000,2.59,497000000,3755000000,2095000000,14726000000,20384000000,19179000000,1205000000,1098000000,1837000000,29.62977867203219,0.08739644166779845,0.026047886012669757,0.042269804710415124,1.384218389243515
2023-06-30,2023-08-01,PEG,591000000,1.19,497000000,2421000000,1254000000,15053000000,19832000000,19285000000,547000000,-133000000,572000000,30.287726358148895,0.039261276821895966,0.011938188061811938,0.021490932644920795,1.3174782435394938
2023-09-30,2023-10-31,PEG,139000000,0.28,498000000,2456000000,582000000,15166000000,19907000000,19850000000,57000000,-229000000,687000000,30.453815261044177,0.009165238032440987,0.0028051340006457863,0.015267745733818385,1.312607147566926
2023-12-31,2024-02-26,PEG,546000000,1.1,498000000,2605000000,1162000000,15477000000,20406000000,20352000000,54000000,-255000000,710000000,31.07831325301205,0.035278154681139755,0.01076052896080093,0.018300171813201496,1.3184725722039154
2024-03-31,2024-04-30,PEG,532000000,1.07,499000000,2760000000,1180000000,15718000000,21957000000,20771000000,1186000000,-136000000,661000000,31.498997995991985,0.03384654536200534,0.010154997327632281,0.019331478733425816,1.3969334520931416
2024-06-30,2024-07-30,PEG,434000000,0.87,498000000,2423000000,982000000,15824000000,21562000000,21449000000,113000000,-355000000,482000000,31.775100401606426,0.027426693629929222,0.008285288839677753,0.01745240341518738,1.362613751263903
2024-09-30,2024-11-04,PEG,520000000,1.04,498000000,2642000000,1132000000,16095000000,22066000000,21863000000,203000000,-145000000,623000000,32.31927710843374,0.03230817023920472,0.009615384615384616,0.019262416109849686,1.3709847778813296
2024-12-31,2025-02-25,PEG,286000000,0.57,498000000,2465000000,745000000,16114000000,22888000000,22763000000,125000000,-611000000,367000000,32.3574297188755,0.017748541640809235,0.005234260614934114,0.014382025362039252,1.420379793967978
2025-03-31,2025-04-30,PEG,589000000,1.18,498000000,3222000000,1231000000,16370000000,23548000000,22654000000,894000000,421000000,1049000000,32.8714859437751,0.03598045204642639,0.0105982905982906,0.020988704619623183,1.4384850335980452
2025-06-30,2025-08-05,PEG,585000000,1.17,499000000,2805000000,1330000000,16671000000,23433000000,23247000000,186000000,-309000000,478000000,33.408817635270545,0.03509087637214324,0.010441953448522062,0.019661173173600922,1.405614540219543
