date,filingDate,symbol,netIncome,eps,weightedAverageShsOut,revenue,ebitda,totalStockholdersEquity,totalDebt,netDebt,cashAndCashEquivalents,freeCashFlow,operatingCashFlow,bookValuePerShare,ROE,ROA,ROIC,debtToEquity
2015-09-30,2015-10-22,PHM,107769000,0.31,350147000,1506747000,191345000,4571605000,2157293000,1423140000,734153000,-66643000,-55709000,13.05624494855018,0.023573558957958967,0.012244281650404053,0.017997601285189558,0.4718896317595243
2015-12-31,2016-02-08,PHM,228027000,0.65,348699000,2061628000,386011000,4759325000,2171013000,1416852000,754161000,-112708000,-101317000,13.648805990266677,0.04791162612345238,0.025429121371760958,0.03693949956490917,0.4561598546012302
2016-03-31,2016-04-21,PHM,83300000,0.24,347815000,1432578000,131500000,4773527000,3103963000,2108267000,995696000,-73522000,-64062000,13.724327587941866,0.017450409309510556,0.008462454335255418,0.012122218549459635,0.6502451960573388
2016-06-30,2016-07-21,PHM,117760000,0.34,345240000,1799914000,203358000,4818117000,2620758000,2391571000,229187000,-272838000,-261254000,13.955848105665623,0.024441083518727338,0.01238658949731652,0.01634960295618892,0.5439382231689268
2016-09-30,2016-10-20,PHM,128470000,0.37,340171000,1942905000,226013000,4672032000,3131541000,2697336000,434205000,3593000,13100000,13.734363011544193,0.027497671248827064,0.013014190705150933,0.017446520609646146,0.6702738765487908
2016-12-31,2017-02-01,PHM,273172000,0.83,325975000,2493079000,427671000,4659363000,3230352000,2531470000,698882000,371742000,380486000,14.293620676432242,0.058628615113267626,0.026838930262718358,0.03800370627380913,0.6933033549865079
2017-03-31,2017-04-25,PHM,91518000,0.29,317756000,1629878000,152611000,4660145000,3130633000,2732875000,397758000,29807000,39803000,14.66579702664938,0.01963844472650529,0.00922484788042594,0.0123911513231622,0.6717887533542412
2017-06-30,2017-07-25,PHM,100749000,0.32,312315000,2021860000,135495000,4444002000,3140490000,2932287000,208203000,129627000,136523000,14.229230104221699,0.02267078187633579,0.010267018503643885,0.013673429118907345,0.7066806000537353
2017-09-30,2017-10-24,PHM,177539000,0.59,298538000,2131058000,281016000,4345085000,3219010000,3060773000,158237000,69497000,76153000,14.554545819962618,0.04085973001678909,0.01780505570554761,0.02398180551764966,0.7408393621758838
2017-12-31,2018-02-07,PHM,77415000,0.26,292174000,2793556000,421207000,4154026000,3081115000,2808432000,272683000,402095000,410598000,14.217644280463011,0.01863613756871045,0.007991927858643376,0.011122481406287915,0.7417177937740399
2018-03-31,2018-04-24,PHM,170751000,0.59,286683000,1970093000,236224000,4274657000,3088580000,2937759000,150821000,153585000,169013000,14.910744620364653,0.03994495932656117,0.017591598116499484,0.023689691963229762,0.7225328254407313
2018-06-30,2018-07-26,PHM,324089000,1.12,285276000,2569722000,421606000,4526712000,3006510000,2639419000,367091000,360938000,378569000,15.867833256215034,0.07159479109782112,0.033017827990940114,0.045243338508577584,0.6641708153732776
2018-09-30,2018-10-23,PHM,289535000,1.01,283489000,2649366000,397396000,4728878000,3007019000,2278388000,728631000,453928000,467398000,16.68099291330528,0.06122699718622472,0.0287948977034494,0.041335579758608125,0.635884241462774
2018-12-31,2019-01-31,PHM,237649000,0.84,278964000,2999150000,342361000,4817782000,3083719000,1973631000,1110088000,422254000,434764000,17.270264263489196,0.04932747060784402,0.023360813984029845,0.035009350665920536,0.6400702646985688
2019-03-31,2019-04-23,PHM,166757000,0.59,277637000,1996693000,230057000,4933439000,3123786000,2068329000,1055457000,142839000,158909000,17.769385924786683,0.033801370605778244,0.016336975681020004,0.023832239326637604,0.6331863026987868
2019-06-30,2019-07-23,PHM,241041000,0.86,276652000,2488985000,334209000,5069807000,2836802000,2205493000,631309000,133296000,146801000,18.3255750907277,0.047544413426388814,0.023875995897989378,0.033146496902139846,0.5595483220564412
2019-09-30,2019-10-22,PHM,273104000,0.99,272992000,2710365000,380098000,5181592000,2839911000,2102925000,736986000,263483000,277070000,18.98074668854765,0.052706581297794194,0.026606620304343714,0.03750607563591072,0.5480769230769231
2019-12-31,2020-01-30,PHM,335798000,1.23,270843000,3016913000,449795000,5458180000,2908708000,1690795000,1217913000,479808000,494765000,20.1525607086024,0.061521972525640414,0.03133731139758242,0.04698732741734939,0.532908038943384
2020-03-31,2020-04-23,PHM,203711000,0.75,270000000,2294980000,279715000,5530391000,3553090000,1736312000,1816778000,184476000,204615000,20.48292962962963,0.03683482777257521,0.01783282242181688,0.028118189191358344,0.6424663283301307
2020-06-30,2020-07-23,PHM,348620000,1.29,268324000,2593781000,476398000,5851668000,2872347000,1213817000,1658530000,586650000,603257000,21.808216931769056,0.0595761755451608,0.0318127916404503,0.049665166488661545,0.49085952928293264
2020-09-30,2020-10-22,PHM,416398000,1.54,268363000,2954957000,501390000,6240015000,2876095000,808819000,2067275999,450574000,460753000,23.252143551830915,0.06673028830860182,0.03663855644098181,0.05910076852760481,0.460911552295948
2020-12-31,2021-02-02,PHM,438111000,1.62,267561000,3192364000,541521000,6569989000,2928856000,346651000,2582205000,504288000,515717000,24.555107059698535,0.06668367329077719,0.03589456161477393,0.06336892573054495,0.44579313603112575
2021-03-31,2021-04-27,PHM,304107000,1.14,265407000,2729791000,411329000,6685274000,2120526000,540940000,1579586000,161996000,176748000,25.18876291883786,0.045489085413701814,0.026569446224582575,0.042098280697005955,0.31719358099608186
2021-06-30,2021-07-27,PHM,503399000,1.91,262099000,3359484000,657876000,6958468000,2146160000,482890000,1663270000,238525000,255320000,26.549006291515802,0.07234336638466973,0.04166513546575821,0.06766340698342901,0.3084242106164748
2021-09-30,2021-10-26,PHM,475549000,1.83,258147000,3479050000,638133000,7141752000,2157354999,589030999,1568324000,95570000,116157000,27.665446431684273,0.06658716236576123,0.03782649030759273,0.06152509384571682,0.3020764371263522
2021-12-31,2022-02-07,PHM,663264000,2.61,251636000,4358558000,872962000,7489515000,2209205000,430117000,1779088000,435149000,455796000,29.76328903654485,0.08855900548967456,0.04967290715964517,0.08376059839268181,0.2949730389751539
2022-03-31,2022-04-28,PHM,454723000,1.85,245796000,3149519000,616160000,7413264000,2121317000,976310000,1145007000,176980000,207666000,30.160230434994872,0.06133910784777124,0.03454229032591323,0.05420873438730401,0.28615155213681853
2022-06-30,2022-07-26,PHM,652435000,2.74,236328000,3879752000,881850000,7745216000,2108145000,1445365000,662780000,-137194000,-105323000,32.77316272299516,0.08423716007403796,0.047621824749407606,0.0709948643204591,0.2721867279104934
2022-09-30,2022-10-25,PHM,627928000,2.72,230967000,3895062000,829883000,8164003000,2473559000,2242258000,231301000,-432296000,-406268000,35.347053908134065,0.07691422945336987,0.044183428976563494,0.06034620023158289,0.3029835976297412
2022-12-31,2023-02-06,PHM,882231000,3.86,227200000,5171378000,1182867000,8914098000,2224925000,1171821000,1053104000,948315000,972391000,39.234586267605636,0.0989703052400815,0.059624242600369075,0.08747666399667912,0.24959620143283145
2023-03-31,2023-04-25,PHM,532259000,2.35,225127000,3575641000,721368000,9263809000,2136844000,858819000,1278025000,687625000,711368000,41.14925797438779,0.057455739858194396,0.035888172928105797,0.05258912149094222,0.2306658092799625
2023-06-30,2023-07-25,PHM,720345000,3.23,222160000,4188753000,973198000,9705025000,2129426000,400713000,1728713000,717882000,739215000,43.68484425639179,0.0742239200826376,0.047310454096817556,0.07128976659347112,0.21941478770018624
2023-09-30,2023-10-24,PHM,638775000,2.92,218288000,4003533000,867995000,10012501000,2081286000,232835000,1848451000,435276000,457761000,45.86830700725647,0.06379774643717888,0.04064161807307035,0.062356711958705506,0.20786874328402064
2023-12-31,2024-02-05,PHM,710993000,3.3,214399000,4293652000,967999000,10383257000,2172537000,365954000,1806583000,263778000,288418000,48.42959622013162,0.06847494962322516,0.044196605344050024,0.06615226115906533,0.20923463610695564
2024-03-31,2024-04-23,PHM,662976000,3.13,211837000,3949160000,889819000,10761953000,2059514000,339952000,1719562000,215711000,239787000,50.8029900347909,0.061603688475502544,0.040189546338769526,0.059725224784596555,0.19136991213397792
2024-06-30,2024-07-23,PHM,809133000,3.86,209547000,4599655000,1070259000,11222823000,1751542000,358640000,1392902000,386312000,417553000,53.55754556257069,0.07209710070273763,0.048907738477154565,0.06987228692190854,0.15606964486564565
2024-09-30,2024-10-22,PHM,697914000,3.38,206774000,4476342000,928400000,11564213000,1720645000,322981000,1397664000,417172000,455920000,55.926823488446324,0.06035118861958008,0.04116249907918523,0.05871919133707202,0.1487904970273377
2024-12-31,2025-02-06,PHM,913239000,4.47,204339000,4921794000,1207042000,12121964000,1855272000,241945000,1613327000,543130000,567610000,59.322811602288354,0.07533754431212632,0.05259453264825142,0.07387122168036234,0.1530504462808172
2025-03-31,2025-04-22,PHM,522799000,2.59,202063000,3892650000,705932000,12300972000,1762082000,526416000,1235666000,104622000,134228000,60.87691462563656,0.04250062515384963,0.03015589149072716,0.04076406493773333,0.1432473791502005
2025-06-30,2025-07-22,PHM,608483000,3.05,199243000,4403755000,832343000,12574942000,2253037000,985711000,1267326000,252973000,287505000,63.11359495691191,0.048388533322857474,0.034596858017180196,0.04487905518458469,0.1791687786711064
