date,filingDate,symbol,netIncome,eps,weightedAverageShsOut,revenue,ebitda,totalStockholdersEquity,totalDebt,netDebt,cashAndCashEquivalents,freeCashFlow,operatingCashFlow,bookValuePerShare,ROE,ROA,ROIC,debtToEquity
2015-09-30,2015-11-06,PKG,127800000,1.31,96500021,1470800000,307100000,1615000000,2348800000,2161900000,186900000,161500000,237500000,16.735747653360615,0.07913312693498452,0.023569768728560363,0.0375513298213953,1.4543653250773994
2015-12-31,2016-02-26,PKG,104200000,1.07,97476636,1390900000,266500000,1633300000,2332000000,2147800000,184200000,124000000,220600000,16.755810079453298,0.06379722035143574,0.01971767021155811,0.0315893557485476,1.4277842404947039
2016-03-31,2016-05-06,PKG,103700000,1.09,94128440,1401000000,269500000,1590800000,2318300000,2156000000,162300000,138100000,191000000,16.900311956726362,0.06518732713100327,0.01983815736613548,0.031432115203969026,1.4573170731707317
2016-06-30,2016-08-05,PKG,115900000,1.23,93252033,1417400000,287800000,1662300000,2316800000,2103200000,213600000,111200000,180100000,17.8258848254815,0.06972267340431931,0.021884027869564397,0.03467667350116984,1.3937315767310352
2016-09-30,2016-11-04,PKG,119300000,1.27,93070866,1484000000,294400000,1729600000,2673500000,2393700000,279800000,150800000,217100000,18.583688691582605,0.06897548566142461,0.02075793429844098,0.03263278298895561,1.5457331174838114
2016-12-31,2017-02-28,PKG,110700000,1.17,93675214,1476600000,286600000,1759800000,2667400000,2428100000,239300000,126800000,213000000,18.786186066252274,0.06290487555404023,0.019162194910853383,0.030243077009098996,1.5157404250483009
2017-03-31,2017-05-05,PKG,117400000,1.25,93120000,1536500000,295900000,1824700000,2636200000,2382200000,254000000,106300000,164100000,19.595146048109967,0.06433934345371842,0.020091042885991034,0.03169284822935663,1.444730640653258
2017-06-30,2017-08-04,PKG,143200000,1.52,93421053,1584000000,327800000,1906600000,2634800000,2313800000,321000000,139900000,221500000,20.408675975853107,0.07510752124200147,0.02425802954329855,0.038078208996834347,1.3819364313437532
2017-09-30,2017-11-03,PKG,139100000,1.47,93877551,1640100000,340100000,1994200000,2633400000,2262900000,370500000,110900000,197700000,21.242565222009254,0.0697522816166884,0.023078709848685958,0.0365463932090386,1.3205295356533948
2017-12-31,2018-02-28,PKG,268900000,2.85,93614035,1684300000,359700000,2182600000,2650700000,2433800000,216900000,156000000,272800000,23.314880081816792,0.12320168606249428,0.04338846308995563,0.06552995840914999,1.2144689819481354
2018-03-31,2018-05-09,PKG,140100000,1.48,93918918,1690600000,320500000,2273800000,2501200000,2398800000,102400000,94500000,202500000,24.210244841193763,0.06161491775881784,0.02281833284471807,0.034128908862269235,1.1000087958483595
2018-06-30,2018-08-08,PKG,186600000,1.98,93535354,1767500000,373200000,2388000000,2501800000,2302200000,199600000,165100000,331000000,25.530453436889758,0.07814070351758794,0.029545886376591297,0.04364519383757092,1.0476549413735343
2018-09-30,2018-11-07,PKG,206700000,2.19,93652968,1809900000,399400000,2530200000,2502200000,2208400000,293800000,170600000,301000000,27.01676256538928,0.08169314678681527,0.0318,0.047423942464314556,0.9889336811319264
2018-12-31,2019-02-28,PKG,204600000,2.17,93548387,1746500000,384000000,2672400000,2502700000,2141200000,361500000,198500000,345600000,28.567034512310727,0.07656039515042658,0.031142974565048633,0.04607206173560545,0.9364990270917527
2019-03-31,2019-05-08,PKG,186800000,1.98,93636364,1733700000,368200000,2794600000,2725900000,2283500000,442400000,157200000,236000000,29.845242602542747,0.06684319759536249,0.026960713564067776,0.04034148256855277,0.9754168754025621
2019-06-30,2019-08-02,PKG,193600000,2.05,94166666,1759900000,374300000,2921200000,2747000000,2177600000,569400000,210300000,302400000,31.02159313997588,0.06627413391756812,0.02736627841230352,0.041292068722052246,0.9403669724770642
2019-09-30,2019-11-01,PKG,179800000,1.9,94444444,1750700000,358800000,3034700000,2741900000,2003600000,738300000,246900000,339800000,32.13211779826879,0.05924803110686394,0.025003128867628042,0.03890783311078261,0.9035159982864863
2019-12-31,2020-02-26,PKG,136200000,1.44,94583333,1720000000,332100000,3071000000,2734500000,2055000000,679500000,193500000,329200000,32.46872258138757,0.0443503744708564,0.018823074159042538,0.035940969698176714,0.8904265711494627
2020-03-31,2020-05-06,PKG,141700000,1.5,94295302,1708700000,310000000,3149900000,2736100000,1972100000,764000000,166200000,236700000,33.4046334567124,0.044985555096987206,0.019285208775654636,0.030517333917227638,0.8686307501825454
2020-06-30,2020-08-06,PKG,56700000,0.6,93666667,1541600000,224900000,3133100000,2733400000,1880100000,853300000,146100000,226800000,33.44946607313357,0.01809709233666337,0.007797029702970297,0.014409317480454221,0.8724266700711755
2020-09-30,2020-11-05,PKG,139100000,1.47,93945578,1693700000,310600000,3205400000,2735300000,1786200000,949100000,195900000,298200000,34.11975388559534,0.04339552005989892,0.018867156769660637,0.03152836884436505,0.853341236663131
2020-12-31,2021-02-24,PKG,123600000,1.3,94484623,1714200000,290700000,3246300000,2737900000,1763300000,974600000,103400000,271100000,34.357971666987545,0.03807411514647445,0.016628100952483453,0.02828945691503269,0.8433909373748575
2021-03-31,2021-05-05,PKG,166500000,1.75,94400000,1807200000,343900000,3331200000,2735000000,1751600000,983400000,106500000,191600000,35.28813559322034,0.04998198847262248,0.022055901443899854,0.036263009158499185,0.821025456292027
2021-06-30,2021-08-05,PKG,207300000,2.18,94266055,1879900000,404300000,3444300000,2736100000,1763900000,972200000,96800000,228200000,36.538073010480815,0.06018639491333508,0.027014699749791492,0.04341050104308226,0.7943849258194698
2021-09-30,2021-11-04,PKG,250700000,2.64,94300000,2000100000,463400000,3608300000,3422700000,1719800000,1702900000,133900000,283600000,38.26405090137858,0.06947870188177258,0.029047133521805626,0.05042035322856869,0.9485630352243438
2021-12-31,2022-02-24,PKG,216500000,2.29,93886462,2043200000,467000000,3607200000,2732300000,2113600000,618700000,151800000,390700000,38.42087477958217,0.060018851186515856,0.027626071866067782,0.048646119743036446,0.7574573076070082
2022-03-31,2022-05-05,PKG,254200000,2.71,92900000,2136400000,469800000,3779300000,2758300000,2129700000,628600000,112100000,325300000,40.681377825618945,0.06726113301405022,0.03123694364570277,0.04552214612384213,0.7298441510332602
2022-06-30,2022-08-04,PKG,301500000,3.22,92900000,2237300000,533700000,3964500000,2766300000,2099000000,667300000,134700000,319000000,42.67491926803014,0.07604994324631101,0.036148478526724696,0.052057273206212784,0.6977676882330685
2022-09-30,2022-11-03,PKG,262500000,2.81,92800000,2125900000,477900000,3971200000,2780100000,2131400000,648700000,251000000,430600000,42.793103448275865,0.06610092667203868,0.031458223479219595,0.04505745363948332,0.7000654713940371
2022-12-31,2023-02-23,PKG,211600000,2.34,90560344,1978400000,410400000,3667100000,2793100000,2473100000,320000000,173000000,420100000,40.49344158851694,0.057702271549725945,0.026437442214947898,0.036343397994999666,0.7616645305554798
2023-03-31,2023-05-03,PKG,190100000,2.1,89400000,1976300000,398200000,3757700000,2784100000,2416400000,367700000,168000000,280400000,42.0324384787472,0.05058945631636373,0.02361784072555597,0.032661861596697324,0.7409053410330787
2023-06-30,2023-08-04,PKG,202700000,2.25,89100000,1952100000,410300000,3848600000,2783300000,2306200000,477100000,232900000,359900000,43.19416386083053,0.05266850283219872,0.02500462591747363,0.034729131547716896,0.7231980460427169
2023-09-30,2023-11-03,PKG,183200000,2.04,89100000,1936000000,386200000,3887200000,2776600000,2203400000,573200000,249400000,339500000,43.627384960718295,0.047129038896892364,0.022402660927411465,0.03159232199110406,0.7142930644165466
2023-12-31,2024-02-29,PKG,189200000,2.1,89625000,1937900000,390500000,3997300000,3173200000,2525200000,648000000,194100000,335300000,44.60027894002789,0.04733194906561929,0.021794473050650263,0.030302980011151618,0.7938358391914543
2024-03-31,2024-05-08,PKG,146900000,1.63,89400000,1979500000,325500000,4031000000,3162700000,2470300000,692400000,182300000,260400000,45.08948545861298,0.03644257008186554,0.016585751383086825,0.02375236952609478,0.7845943934507567
2024-06-30,2024-08-08,PKG,198900000,2.2,89573171,2075300000,405600000,4126600000,3160300000,2546700000,613600000,33000000,278300000,46.06959822824627,0.048199486259874955,0.022144042039166787,0.030967606803783666,0.7658362816846799
2024-09-30,2024-11-07,PKG,238100000,2.65,89100000,2182400000,461000000,4263600000,2754100000,2077500000,676600000,180400000,327100000,47.851851851851855,0.055844825968664975,0.02719961616669332,0.038691886447943316,0.6459564687118867
2024-12-31,2025-02-27,PKG,221100000,2.46,89100000,2146100000,439300000,4404000000,2771500000,2086500000,685000000,124100000,325400000,49.427609427609426,0.05020435967302452,0.025030566499116967,0.03543198463851727,0.629314259763851
2025-03-31,2025-03-31,PKG,203800000,2.27,89600000,2141000000,418300000,4499200000,2802500000,2050800000,751700000,191000000,339100000,50.214285714285715,0.04529694167852063,0.02272068496510513,0.03261554008918223,0.6228885135135135
2025-06-30,2025-08-07,PKG,241500000,2.68,89600000,2171300000,474300000,4632100000,2810800000,2022900000,787900000,129900000,299600000,51.697544642857146,0.05213618013428035,0.02671105605450604,0.03777128533886266,0.6068090067140174
