date,filingDate,symbol,netIncome,eps,weightedAverageShsOut,revenue,ebitda,totalStockholdersEquity,totalDebt,netDebt,cashAndCashEquivalents,freeCashFlow,operatingCashFlow,bookValuePerShare,ROE,ROA,ROIC,debtToEquity
2015-09-30,2015-11-06,PODD,-18927000,-0.33,56898281,87303000,-10482000,55133000,180951000,35484000,145467000,6221000,8746000,0.968974792050396,-0.3432971178785845,-0.06457082423580786,-0.16343768813686418,3.2820815119801208
2015-12-31,2016-02-29,PODD,-27327000,-0.48,56928956,100119000,-19610000,34051000,177486000,54814000,122672000,-22077000,-18595000,0.5981314675786431,-0.8025314968723386,-0.09932539999854612,-0.27193838698731515,5.212357933687704
2016-03-31,2016-04-29,PODD,-12481000,-0.22,57030000,81213000,-4107000,26396000,178128000,66493000,111635000,-13677000,-10517000,0.4628441171313344,-0.47283679345355356,-0.048988515311609505,-0.08154196032836156,6.7482951962418545
2016-06-30,2016-08-04,PODD,-4198000,-0.0734,57196000,87330000,2264000,27444000,178005000,66739000,111266000,936000,3681000,0.4798237638995734,-0.1529660399358694,-0.015959246516755687,-0.012492456121242782,6.486117184083953
2016-09-30,2016-11-04,PODD,-3081000,-0.0537,57341000,94871000,3707000,65095000,330023000,114621000,215402000,-10623000,2677000,1.1352261034861617,-0.04733082418004455,-0.0067983680386233805,0.00044372506283286116,5.069867117290115
2016-12-31,2017-02-28,PODD,-9119000,-0.16,55723313,103575000,-461000,63150000,333037000,195863000,137174000,17160000,20070000,1.1332779154749826,-0.14440221694378463,-0.01996947313789426,-0.015072704269861263,5.273745051464767
2017-03-31,2017-05-09,PODD,-9977000,-0.17,57693930,101713000,-1551000,63585000,336762000,260724000,76038000,-47514000,-21835000,1.1021090086946754,-0.15690807580404184,-0.02242239137714431,-0.015174891574231412,5.296249115357395
2017-06-30,2017-08-04,PODD,-7767000,-0.13,57977000,109756000,514000,64725000,340836000,267348000,73488000,4575000,17964000,1.1163909826310434,-0.12,-0.016909521974541014,-0.00875654575491284,5.265909617612978
2017-09-30,2017-11-03,PODD,-2227000,-0.04,55675000,121775000,6429000,74254000,344953000,242720000,102233000,14533000,23278000,1.3337045352492143,-0.029991650281466317,-0.004450902172088227,0.00868385129607396,4.645581382821128
2017-12-31,2018-02-22,PODD,-6860000,-0.12,57177149,130524000,3099000,158516000,566173000,293596000,272577000,-7613000,21800000,2.772366282201304,-0.04327638850336875,-0.008399204646743656,-0.0004867009642239854,3.5717088495798532
2018-03-31,2018-05-04,PODD,-6569000,-0.11,58482786,123578000,5204000,170568000,573328000,370182000,203146000,-39640000,-4266000,2.9165505213790603,-0.03851249941372356,-0.007916718388262673,0.0032765939022874947,3.3612869940434313
2018-06-30,2018-08-02,PODD,-1691000,-0.03,56366666,124262000,8972000,179148000,577119000,440873000,136246000,-60692000,-6129000,3.1782614213868885,-0.009439122959787438,-0.0020158406210362685,0.01143600827291205,3.221464934021033
2018-09-30,2018-11-02,PODD,1659000,0.03,59016863,151076000,12161000,197929000,584485000,457922000,126563000,-21767000,15855000,3.3537702605440076,0.00838179347139631,0.001871814023599073,0.010972707023787354,2.9530033496859986
2018-12-31,2019-02-26,PODD,9893000,0.17,59097000,164907000,22128000,212099000,591978000,478072000,113906000,-4356000,30439000,3.588997749462748,0.046643312792611,0.010652020362984849,0.023349569084366167,2.79104569092735
2019-03-31,2019-05-03,PODD,4400000,0.07,59355031,159555000,15700000,223630000,609795000,480541000,129253999,-38888000,6500000,3.7676671418131344,0.019675356615838663,0.004618879459843042,0.014092321667928424,2.726803201717122
2019-06-30,2019-08-06,PODD,1400000,0.02,59844991,177136000,14800000,249780000,617180000,497313000,119867000,-37749000,13900000,4.17378289855537,0.005604932340459604,0.0014318984006717649,0.008777882722555433,2.4708943870606133
2019-09-30,2019-11-06,PODD,800000,0.01,60743211,192115000,17600000,150568000,999662000,579780000,419882000,8400000,31100000,2.4787626060795502,0.0053132139631262955,0.0006307208350743856,0.009758735188256458,6.639272621008448
2019-12-31,2020-02-26,PODD,4968000,0.08,62397000,209400000,26143000,75900000,905900000,702200000,203700000,-2992000,46933000,1.2164046348382134,0.06545454545454546,0.00434683699361274,0.016029741632209757,11.935441370223979
2020-03-31,2020-05-08,PODD,-2100000,-0.0334,62884000,198000000,17200000,59000000,899000000,697600000,201400000,-31000000,-3600000,0.9382354812034858,-0.03559322033898305,-0.0018949648077964266,0.008860489233209297,15.23728813559322
2020-06-30,2020-08-07,PODD,14400000,0.22,64371000,226300000,38400000,563300000,910200000,131100000,779100000,1600000,26400000,8.750835003340013,0.02556364281910172,0.008852277617261942,0.03396631177498808,1.6158352565240546
2020-09-30,2020-11-05,PODD,11600000,0.18,65718000,234000000,35500000,595000000,921500000,83400000,838100000,17700000,44200000,9.053836087525488,0.019495798319327733,0.006781246346311236,0.031390805406927624,1.5487394957983194
2020-12-31,2021-02-24,PODD,-17100000,-0.26,65945000,246100000,19200000,603600000,1076200000,169000000,907200000,-70700000,-1000000,9.153082113882782,-0.028330019880715707,-0.00913022585295531,-0.007776479560067445,1.7829688535453942
2021-03-31,2021-05-07,PODD,600000,0.0091,66113000,252300000,25900000,585300000,1067299999,246599999,820700000,-68500000,-35100000,8.853024367371017,0.0010251153254741158,0.0003260692353676431,0.03149417001021056,1.823509309755681
2021-06-30,2021-08-06,PODD,-25000000,-0.37,66696000,263200000,2400000,459100000,1256100000,401500000,854600000,-4900000,18300000,6.883471272640039,-0.05445436724025267,-0.012995789364245985,-0.013092732551478988,2.736005227619255
2021-09-30,2021-11-05,PODD,12600000,0.18,68869000,275600000,45200000,497900000,1285900000,429300000,856600000,-55000000,-25800000,7.229667920254396,0.025306286402892147,0.006303466906798739,0.027446812133872213,2.5826471178951595
2021-12-31,2022-02-24,PODD,29200000,0.42,69070000,307700000,62600000,556300000,1286500000,494900000,791600000,-62400000,-25500000,8.054147965831765,0.05248966385044041,0.014252245216712221,0.03967065868263473,2.312601114506561
2022-03-31,2022-05-06,PODD,27800000,0.4,69254000,295400000,52500000,446700000,1416200000,706600000,709600000,-29600000,-13700000,6.450168943310134,0.062234161629729126,0.013435144017011406,0.03060397393560369,3.1703604208641147
2022-06-30,2022-08-05,PODD,-35000000,-0.5,69356000,299400000,-12200000,422400000,1411500000,752900000,658600000,6200000,25300000,6.090316627256474,-0.08285984848484848,-0.01655864124520982,-0.02309777452942409,3.3416193181818183
2022-09-30,2022-11-04,PODD,-5200000,-0.0749,69418000,340800000,19400000,428000000,1406700000,735100000,671600000,22800000,56700000,6.165547840617707,-0.012149532710280374,-0.0024005170344381867,0.00274523467985586,3.286682242990654
2022-12-31,2023-02-24,PODD,17000000,0.24,69472000,369700000,46600000,476400000,1432800000,808900000,623900000,-37700000,50700000,6.857438968217411,0.035684298908480266,0.007551863533383679,0.01803072270472005,3.0075566750629723
2023-03-31,2023-05-05,PODD,23800000,0.34,70096000,358100000,51200000,502800000,1396600000,877900000,518700000,-36600000,500000,7.173019858479799,0.04733492442322991,0.010397099296666813,0.023824370930027837,2.777645186953063
2023-06-30,2023-08-09,PODD,27300000,0.39,69741000,396500000,56300000,553900000,1397800000,841000000,556800000,25900000,44000000,7.942243443598457,0.04928687488716375,0.011442702657389555,0.026232403001912985,2.5235602094240837
2023-09-30,2023-11-03,PODD,51900000,0.74,69823000,432700000,82800000,607500000,1420400000,839700000,580700000,33600000,56000000,8.700571444939346,0.0854320987654321,0.02103172995096649,0.04280776440577992,2.3381069958847736
2023-12-31,2024-02-23,PODD,103300000,1.48,69860000,509800000,133300000,732700000,1448800000,798100000,650700000,47200000,45200000,10.488119095333523,0.14098539647877711,0.03991190788965304,0.07167514724254431,1.9773440698785314
2024-03-31,2024-05-10,PODD,51500000,0.74,69957000,441700000,84400000,790700000,1401500000,704600000,696900000,63600000,87600000,11.302657346655803,0.06513216137599595,0.019626524390243903,0.041153842452556565,1.7724800809409385
2024-06-30,2024-08-09,PODD,188600000,2.69,70062000,488500000,81300000,998400000,1397800000,682300000,715500000,64300000,86800000,14.250235505694956,0.18890224358974358,0.06544975013881177,0.13637105124751742,1.400040064102564
2024-09-30,2024-11-08,PODD,77500000,1.11,70123000,543900000,116500000,1118000000,1398300000,495700000,902600000,71800000,98500000,15.943413715899206,0.06932021466905187,0.025616447411912473,0.055152007019509446,1.2507155635062612
2024-12-31,2025-02-21,PODD,100700000,1.44,70164000,597500000,141500000,1211600000,1422000000,468600000,953400000,91700000,147700000,17.26811470269654,0.08311323869263783,0.032613272014768276,0.06461815770231434,1.1736546715087488
2025-03-31,2025-05-09,PODD,35400000,0.5,70272000,569000000,79000000,1330700000,1695400000,412300000,1283100000,51500000,63800000,18.936418488160292,0.02660254001653265,0.010064538140050606,0.024194431423347082,1.274066280904787
2025-06-30,2025-08-07,PODD,22500000,0.32,70330000,649100000,70300000,1462900000,1417400000,424500000,992900000,173300000,196500000,20.800511872600598,0.015380408777086609,0.006485645105499827,0.020148441779211882,0.9688973955841137
