date,filingDate,symbol,netIncome,eps,weightedAverageShsOut,revenue,ebitda,totalStockholdersEquity,totalDebt,netDebt,cashAndCashEquivalents,freeCashFlow,operatingCashFlow,bookValuePerShare,ROE,ROA,ROIC,debtToEquity
2015-09-30,2015-11-05,PRU,1465000000,3.22,449443830,13599000000,2223000000,42720000000,30532000000,10325000000,20207000000,8355000000,8355000000,95.05080979752242,0.03429307116104869,0.001941613752721904,0.027618060137619003,0.7147003745318352
2015-12-31,2016-02-19,PRU,735000000,1.62,447101369,14256000000,830000000,41890000000,29540000000,11928000000,17612000000,2065000000,2065000000,93.69239931806159,0.017545953688231083,0.0009704405139769841,0.013619978445873128,0.7051802339460492
2016-03-31,2016-05-06,PRU,1336000000,2.97,443146404,14329000000,1899000000,49242000000,23523000000,1031000000,22492000000,6364000000,6294000000,111.11903324843408,0.027131310669753463,0.0017283423566775982,0.027131860044158893,0.4777019617399781
2016-06-30,2016-08-05,PRU,921000000,2.06,438739038,14439000000,1598000000,55149000000,21756000000,-2386000000,24142000000,7195000000,7195000000,125.6988670335736,0.016700212152532232,0.0011563233687805245,0.017246934404791237,0.39449491377903495
2016-09-30,2016-11-04,PRU,1827000000,4.14,431704363,16961000000,2293000000,56431000000,22387000000,-2341000000,24728000000,3549000000,3549000000,130.71677017079395,0.03237582180007443,0.002228415653796662,0.03353669809576631,0.39671457177792346
2016-12-31,2017-02-17,PRU,284000000,0.65,429574173,13050000000,233000000,45863000000,21324000000,7197000000,14127000000,-2260000000,-2260000000,106.76386729609091,0.006192355493535094,0.0003622624565986617,0.0053147380324161326,0.46494995966247304
2017-03-31,2017-05-05,PRU,1369000000,3.14,429296283,13670000000,1692000000,46784000000,21487000000,8179000000,13308000000,1646000000,1646000000,108.97834864319103,0.029262140902872776,0.0017169050560282932,0.02450739588450412,0.459280950752394
2017-06-30,2017-08-04,PRU,491000000,1.13,427044124,13441000000,765000000,48444000000,21581000000,4976000000,16605000000,2503000000,3057000000,113.44026829414939,0.010135414086367764,0.0006042407610233943,0.009041557469112692,0.4454834448022459
2017-09-30,2017-11-03,PRU,2238000000,5.19,426200000,16313000000,3185000000,50373000000,21028000000,6487000000,14541000000,4058000000,4058000000,118.19099014547162,0.04442856292061223,0.002725509084421365,0.03906085121350686,0.41744585392968453
2017-12-31,2018-02-16,PRU,3765000000,8.78,423700000,16265000000,1067000000,54069000000,20070000000,5580000000,14490000000,4684000000,4684000000,127.61151758319566,0.06963324640736836,0.004525670105695132,0.06494660430183238,0.37119236531099153
2018-03-31,2018-05-04,PRU,1363000000,3.2,422000000,13757000000,1671000000,51830000000,19526000000,3850000000,15676000000,2301000000,2301000000,122.81990521327015,0.026297511093961026,0.0016428079843119673,0.024084051724137932,0.37673162261238663
2018-06-30,2018-08-03,PRU,197000000,0.46,405300000,14655000000,320000000,48611000000,21581000000,4976000000,16605000000,4374000000,4374000000,119.93831729583025,0.004052580691613009,0.00024237055628348743,0.0033963461287252507,0.443953014749748
2018-09-30,2018-11-08,PRU,1672000000,3.97,416200000,16148000000,1835000000,46725000000,20744000000,8278000000,12466000000,3593000000,3593000000,112.26573762614127,0.035783841626538256,0.0020322139950507325,0.030071087031616456,0.4439593365436062
2018-12-31,2019-02-15,PRU,842000000,2.01,412700000,18432000000,1169000000,48617000000,20784000000,5431000000,15353000000,11396000000,11396000000,117.80227768354737,0.017319044778575394,0.0010330299676840743,0.015449230313795146,0.4275047822778041
2019-03-31,2019-05-03,PRU,932000000,2.25,409200000,15091000000,1160000000,55010000000,22083000000,7384000000,14699000000,3085000000,3085000000,134.43304007820137,0.016942374113797492,0.0010973432989059533,0.01455268134756547,0.40143610252681333
2019-06-30,2019-08-02,PRU,708000000,1.73,405300000,15388000000,767000000,61660000000,21746000000,6325000000,15421000000,5239000000,5239000000,152.1342215642734,0.011482322413233863,0.0008102308814694018,0.010502316687504596,0.35267596496918585
2019-09-30,2019-11-05,PRU,1418000000,3.47,404100000,15105000000,2166000000,65798000000,21874000000,3585000000,18289000000,7316000000,7316000000,162.8260331601089,0.021550807015410803,0.0016011273381766119,0.020076964097833765,0.33244171555366425
2019-12-31,2020-02-14,PRU,1128000000,2.78,400700000,19223000000,1452000000,63115000000,21853000000,5526000000,16327000000,3985000000,3985000000,157.51185425505366,0.017872138160500674,0.001258153459029705,0.016360484258679215,0.3462409886714727
2020-03-31,2020-05-08,PRU,-271000000,-0.7,397000000,13464000000,-9000000,60447000000,23939000000,-7707000000,31646000000,14766000000,14766000000,152.25944584382873,-0.004483266332489619,-0.00031017085721610785,-0.005309063329541145,0.39603288831538375
2020-06-30,2020-08-06,PRU,-2409000000,-6.09,394600000,12115000000,-2275000000,65897000000,22489000000,1340000000,21149000000,-1287000000,-1287000000,166.99695894576786,-0.036557051155591304,-0.0026316738166480406,-0.03634683371237621,0.3412750201071369
2020-09-30,2020-11-05,PRU,1487000000,3.72,395300000,15425000000,1504000000,66217000000,22524000000,1866000000,20658000000,-598000000,-598000000,167.51075132810524,0.022456468882613226,0.0016312175772195583,0.021866303864380505,0.34015434103024905
2020-12-31,2021-02-19,PRU,819000000,2.05,396200000,16029000000,909000000,67425000000,20948000000,7247000000,13701000000,-4513000000,-4513000000,170.17920242301867,0.012146829810901,0.0008706078947871953,0.013231197771587743,0.3106859473489062
2021-03-31,2021-05-06,PRU,2828000000,7.02,396300000,16942000000,3444000000,58036000000,20882000000,4783000000,16099000000,-3297000000,-3297000000,146.44461266717133,0.048728375491074505,0.0031170090820915263,0.044222289434725164,0.3598111516989455
2021-06-30,2021-08-05,PRU,2158000000,5.44,391100000,15917000000,2771000000,63048000000,20863000000,5718000000,15145000000,4359000000,4359000000,161.20685246739964,0.03422788986169268,0.0023292939476135532,0.03127611758169432,0.3309066108361883
2021-09-30,2021-11-04,PRU,1530000000,3.92,383800000,21598000000,1891000000,61887000000,19878000000,4273000000,15605000000,5417000000,5417000000,161.2480458572173,0.024722478064860148,0.0016406064024396781,0.0239394397420395,0.3211983130544379
2021-12-31,2022-02-17,PRU,1208000000,3.16,377700000,16326000000,1493000000,61876000000,19618000000,6730000000,12888000000,3333000000,3333000000,163.82314005824728,0.019522916801344624,0.001288420639474734,0.017600060353817535,0.31705346176223415
2022-03-31,2022-05-05,PRU,-493000000,-1.33,375939849,11851000000,-643000000,43978000000,20493000000,6407000000,14086000000,1000000,1000000,116.98148019418926,-0.011210150529810359,-0.000561461211344022,-0.010201448843901955,0.4659829914957479
2022-06-30,2022-08-05,PRU,-1010000000,-2.71,373611963,11468000000,-901000000,28235000000,20402000000,6043000000,14359000000,1079000000,1501000000,75.57306188292478,-0.03577120595006198,-0.0014519859861788185,-0.027685395880739833,0.722578360191252
2022-09-30,2022-11-03,PRU,-92000000,-0.26,371000000,20224000000,-250000000,16502000000,20883000000,779000000,20104000000,4278000000,4278000000,44.47978436657682,-0.005575081808265664,-0.00013574206646639793,-0.006654707482205891,1.2654829717609988
2022-12-31,2023-02-16,PRU,-558000000,-0.16,367600000,13318000000,-651000000,16250000000,21057000000,3806000000,17251000000,-622000000,-622000000,44.20565832426551,-0.03433846153846154,-0.0008087929417596609,-0.02737335460710012,1.2958153846153846
2023-03-31,2023-05-04,PRU,1462000000,3.94,366500000,17063000000,1888000000,31385000000,21571000000,4146000000,17425000000,1343000000,1343000000,85.6343792633015,0.046582762466146246,0.0020612771741046064,0.04123160057414652,0.6873028516807392
2023-06-30,2023-08-03,PRU,511000000,1.38,365700000,13518000000,627000000,28434000000,20041000000,5389000000,14652000000,1224000000,1224000000,77.75225594749794,0.017971442639094042,0.0007328224131799043,0.014747418394794955,0.7048252092565239
2023-09-30,2023-11-02,PRU,-802000000,-2.23,362600000,8442000000,-1103000000,25814000000,20283000000,3391000000,16892000000,2840000000,2840000000,71.19139547710977,-0.031068412489346865,-0.001177240794182493,-0.027632254750898824,0.7857364220965367
2023-12-31,2024-02-21,PRU,1317000000,3.62,360300000,8696000000,1591000000,27820000000,20874000000,1455000000,19419000000,1103000000,1103000000,77.21343325006939,0.047340043134435655,0.0018263181177136216,0.044508966695132365,0.7503235082674335
2024-03-31,2024-05-02,PRU,1138000000,3.12,359000000,23562000000,1787000000,27209000000,21085000000,2350000000,18735000000,5221000000,5221000000,75.79108635097494,0.041824396339446505,0.001567875363552822,0.037247538820663756,0.7749274137234003
2024-06-30,2024-08-02,PRU,1198000000,3.28,358800000,14935000000,1389000000,28013000000,21115000000,4004000000,17111000000,-146000000,-146000000,78.07413600891861,0.04276585870845679,0.0016750652967857762,0.03594965174750914,0.7537571841644951
2024-09-30,2024-10-31,PRU,448000000,1.24,356900000,19533000000,512000000,30416000000,21482000000,1284000000,20198000000,1105000000,1105000000,85.22275147100028,0.014729089952656496,0.0005892457391482768,0.013028391167192429,0.706273014203051
2024-12-31,2025-02-13,PRU,-57000000,-0.16,355400000,12615000000,-96000000,27872000000,21570000000,3073000000,18497000000,2322000000,2322000000,78.42431063590321,-0.0020450631458094146,-7.748913452793483e-05,0.0011956697366295038,0.7738949483352469
2025-03-31,2025-05-01,PRU,707000000,1.96,354300000,13537000000,759000000,29883000000,22389000000,6326000000,16063000000,-2506000000,-2506000000,84.34377646062659,0.023658936519091123,0.0009563591798306961,0.019691236985279904,0.7492219656660978
2025-06-30,2025-07-31,PRU,533000000,1.49,353100000,13771000000,1222000000,30582000000,20024000000,3386000000,16638000000,1162000000,1162000000,86.61002548853016,0.017428552743443855,0.0007022842024265039,0.016044512482336317,0.6547642404028513
