date,filingDate,symbol,netIncome,eps,weightedAverageShsOut,revenue,ebitda,totalStockholdersEquity,totalDebt,netDebt,cashAndCashEquivalents,freeCashFlow,operatingCashFlow,bookValuePerShare,ROE,ROA,ROIC,debtToEquity
2015-09-30,2015-10-29,PYPL,301000000,0.25,1221000000,2258000000,483000000,13214000000,1610000000,-270000000,1880000000,519000000,652000000,10.822276822276823,0.022778870894505827,0.010790077430455979,0.02192521631644005,0.12184047222642652
2015-12-31,2016-02-11,PYPL,367000000,0.3,1223000000,2556000000,574000000,13759000000,0,-1393000000,1393000000,564000000,728000000,11.250204415372036,0.026673450105385566,0.012707316228662443,0.02911014689916092,0.0
2016-03-31,2016-04-28,PYPL,365000000,0.3,1216000000,2544000000,582000000,13598000000,0,-2583000000,2583000000,605000000,738000000,11.182565789473685,0.026842182673922636,0.012385476756023075,0.031958789500745426,0.0
2016-06-30,2016-07-26,PYPL,323000000,0.27,1210000000,2650000000,547000000,13817000000,0,-2018000000,2018000000,495000000,696000000,11.41900826446281,0.0233769993486285,0.010544872841239268,0.026726841257733707,0.0
2016-09-30,2016-10-25,PYPL,323000000,0.27,1207000000,2667000000,533000000,14192000000,0,-1369000000,1369000000,618000000,801000000,11.75807787903894,0.022759301014656143,0.010301058808521495,0.024349476201616888,0.0
2016-12-31,2017-02-08,PYPL,390000000,0.32,1207000000,2981000000,649000000,14712000000,0,-1590000000,1590000000,771000000,923000000,12.188898094449048,0.026508972267536703,0.011781409539920852,0.029150738566622113,0.0
2017-03-31,2017-04-27,PYPL,384000000,0.32,1203000000,2975000000,654000000,14626000000,0,-1240000000,1240000000,603000000,751000000,12.157938487115544,0.026254615069055107,0.01146508225599379,0.030848013360922983,0.0
2017-06-30,2017-07-27,PYPL,411000000,0.34,1202000000,3136000000,631000000,14998000000,0,-1271000000,1271000000,747000000,921000000,12.477537437603994,0.0274036538205094,0.011646358741853217,0.028802296752151128,0.0
2017-09-30,2017-10-24,PYPL,380000000,0.32,1202000000,3239000000,646000000,15432000000,0,-2330000000,2330000000,841000000,1006000000,12.838602329450914,0.024624157594608606,0.010063292815338578,0.029067514277368665,0.0
2017-12-31,2018-02-07,PYPL,620000000,0.52,1203000000,3744000000,1162000000,15994000000,1000000000,-1883000000,2883000000,-327000000,-147000000,13.295095594347465,0.038764536701262974,0.01520576838181194,0.04754794657175778,0.06252344629235963
2018-03-31,2018-04-26,PYPL,511000000,0.43,1192000000,3685000000,749000000,14641000000,3000000000,121000000,2879000000,-527000000,-349000000,12.282718120805368,0.034901987569155114,0.012074098577571949,0.035626589082048306,0.2049040366095212
2018-06-30,2018-07-26,PYPL,526000000,0.44,1187000000,3857000000,808000000,15019000000,2000000000,-840000000,2840000000,-170000000,28000000,12.65290648694187,0.03502230508023171,0.012620870024233989,0.0382544967227025,0.13316465809974032
2018-09-30,2018-10-23,PYPL,436000000,0.37,1181000000,3683000000,743000000,15115000000,2000000000,-6147000000,8147000000,4447000000,4670000000,12.798475867908552,0.02884551769765134,0.009971640289086085,0.05062402404714365,0.13231888852133641
2018-12-31,2019-02-07,PYPL,584000000,0.5,1177000000,4226000000,929000000,15386000000,1998000000,-5577000000,7575000000,910000000,1134000000,13.072217502124044,0.03795658390744833,0.0134773377642389,0.06127293700347185,0.12985831275185233
2019-03-31,2019-04-25,PYPL,667000000,0.57,1171000000,4128000000,969000000,15157000000,1999000000,-2516000000,4515000000,809000000,1027000000,12.943637916310845,0.04400606980273141,0.014412273120138288,0.054383816932725496,0.13188625717490268
2019-06-30,2019-07-25,PYPL,823000000,0.7,1175000000,4305000000,1198000000,16139000000,2499000000,-2410000000,4909000000,1035000000,1174000000,13.73531914893617,0.05099448540801785,0.01700729474489058,0.06166247774389375,0.15484230745399344
2019-09-30,2019-10-24,PYPL,462000000,0.39,1175000000,4378000000,740000000,16483000000,4964000000,-1913000000,6877000000,923000000,1096000000,14.028085106382978,0.028028878238184795,0.009198972582283018,0.03360890996443502,0.3011587696414488
2019-12-31,2020-02-06,PYPL,507000000,0.43,1174000000,4961000000,1118000000,16885000000,4965000000,-2384000000,7349000000,1090000000,1264000000,14.382453151618398,0.03002665087355641,0.009876687510957863,0.036477900983005775,0.29404797157240153
2020-03-31,2020-05-07,PYPL,84000000,0.07,1173000000,4618000000,593000000,15967000000,7967000000,113000000,7854000000,1215000000,1421000000,13.612105711849958,0.00526085050416484,0.0015479305642575462,0.00595879916009307,0.49896661865096764
2020-06-30,2020-07-30,PYPL,1530000000,1.3,1173000000,5261000000,2151000000,17640000000,8934000000,2581000000,6353000000,1579000000,1772000000,15.038363171355499,0.08673469387755102,0.024221891523921096,0.07797715180551185,0.5064625850340136
2020-09-30,2020-11-03,PYPL,1021000000,0.87,1172000000,5459000000,1500000000,18483000000,8937000000,2825000000,6112000000,1073000000,1314000000,15.770477815699659,0.05523995022453065,0.015568296178829558,0.050345597241129435,0.4835254017204999
2020-12-31,2021-02-05,PYPL,1567000000,1.34,1172000000,6116000000,2219000000,20019000000,8939000000,4145000000,4794000000,1021000000,1247000000,17.081058020477816,0.07827563814376343,0.02226516432458546,0.06690666495461932,0.44652580048953494
2021-03-31,2021-05-06,PYPL,1097000000,0.94,1173000000,6033000000,1230000000,19441000000,8942000000,3225000000,5717000000,1537000000,1758000000,16.573742540494457,0.056427138521680985,0.015127487347794311,0.051617647415965556,0.4599557635924078
2021-06-30,2021-07-29,PYPL,1184000000,1.01,1174000000,6238000000,1729000000,20905000000,8945000000,3200000000,5745000000,1059000000,1306000000,17.80664395229983,0.05663716814159292,0.016039882952205483,0.05118315335011096,0.42788806505620663
2021-09-30,2021-11-09,PYPL,1087000000,0.93,1174000000,6182000000,1546000000,22090000000,8947000000,1165000000,7782000000,1286000000,1513000000,18.8160136286201,0.0492077863286555,0.014583948265221242,0.04906973718329068,0.40502489814395654
2021-12-31,2022-02-03,PYPL,801000000,0.68,1174000000,6918000000,1091000000,21727000000,9048000000,3851000000,5197000000,1550000000,1763000000,18.50681431005111,0.03686657154692318,0.010566864108280675,0.03393303203864334,0.41644037372854054
2022-03-31,2022-04-28,PYPL,509000000,0.44,1163000000,6483000000,1016000000,20603000000,9221000000,4360000000,4861000000,1026000000,1217000000,17.715391229578675,0.02470514002815124,0.006714596662489282,0.022302769625277524,0.44755618113866913
2022-06-30,2022-08-03,PYPL,-341000000,-0.29,1158000000,6806000000,451000000,19767000000,10616000000,6033000000,4583000000,1075000000,1250000000,17.069948186528496,-0.01725097384529772,-0.004382470119521913,-0.03182882455307705,0.5370567106794152
2022-09-30,2022-11-04,PYPL,1330000000,1.15,1154000000,6846000000,1995000000,20264000000,10659000000,4000000000,6659000000,1573000000,1755000000,17.559792027729635,0.06563363600473747,0.01740040557336299,0.057835764762517256,0.5260067114093959
2022-12-31,2023-02-10,PYPL,921000000,0.81,1139000000,7383000000,1525000000,20274000000,10417000000,2641000000,7776000000,999000000,1157000000,17.79982440737489,0.04542764131399822,0.011713980463980464,0.043414616886142086,0.5138107921475782
2023-03-31,2023-05-09,PYPL,795000000,0.7,1129000000,7040000000,1431000000,19858000000,10481000000,3380000000,7101000000,1000000000,1170000000,17.58901682905226,0.04003424312619599,0.010299795299665742,0.036982504576158974,0.5277973612649813
2023-06-30,2023-08-03,PYPL,1029000000,0.93,1111000000,7287000000,1659000000,19661000000,10549000000,5045000000,5504000000,-350000000,-200000000,17.696669666966695,0.052337114083719036,0.013797449684227463,0.04443071705140402,0.5365444280555415
2023-09-30,2023-11-02,PYPL,1020000000,0.93,1094000000,7418000000,1597000000,19740000000,10640000000,3824000000,6816000000,1101000000,1259000000,18.043875685557587,0.05167173252279635,0.013343799058084773,0.04628606906751185,0.5390070921985816
2023-12-31,2024-02-08,PYPL,1402000000,1.3,1077000000,8026000000,2143000000,21051000000,9676000000,595000000,9081000000,2469000000,2614000000,19.545961002785514,0.06660016151251721,0.017063018766886547,0.06791221871127254,0.45964562253574653
2024-03-31,2024-04-30,PYPL,888000000,0.83,1064000000,7699000000,1560000000,20702000000,9683000000,-10000000,9693000000,1763000000,1917000000,19.456766917293233,0.04289440633755193,0.010654252702556781,0.04596782587965093,0.4677325862235533
2024-06-30,2024-07-30,PYPL,1128000000,1.08,1042000000,7885000000,1755000000,20622000000,9727000000,2026000000,7701000000,1368000000,1525000000,19.790786948176585,0.054698865289496655,0.0134260140925538,0.053116610264838215,0.4716807293182039
2024-09-30,2024-10-29,PYPL,1010000000,1.0,1015000000,7847000000,1672000000,20174000000,9976000000,2704000000,7272000000,1445000000,1614000000,19.875862068965517,0.050064439377416475,0.012094215133335728,0.047716708312970285,0.49449786854367006
2024-12-31,2025-02-04,PYPL,1121000000,1.12,997000000,8366000000,1756000000,20417000000,9879000000,3318000000,6561000000,2191000000,2394000000,20.478435305917753,0.05490522603712592,0.013735893445736481,0.050478973655627216,0.4838614879757065
2025-03-31,2025-04-29,PYPL,1287000000,1.31,986000000,7791000000,1951000000,20254000000,11417000000,3968000000,7449000000,964000000,1160000000,20.54158215010142,0.06354300385109114,0.01583532248935699,0.05654758363490798,0.5636911227411869
2025-06-30,2025-07-29,PYPL,1261000000,1.3,969000000,8288000000,1882000000,20201000000,11296000000,4608000000,6688000000,692000000,898000000,20.847265221878224,0.06242265234394337,0.0158065607881971,0.05461801413288037,0.5591802386020494
