date,filingDate,symbol,netIncome,eps,weightedAverageShsOut,revenue,ebitda,totalStockholdersEquity,totalDebt,netDebt,cashAndCashEquivalents,freeCashFlow,operatingCashFlow,bookValuePerShare,ROE,ROA,ROIC,debtToEquity
2015-09-30,2015-11-05,REG,58997000,0.57,94158000,142068000,92239000,1879026000,2066813000,2042933000,23880000,89350000,89350000,19.95609507423692,0.03139764963337389,0.014076821358916592,-0.0022703923780761155,1.0999384787650623
2015-12-31,2016-02-18,REG,22874000,0.18,96794776,146168000,82477000,2054109000,1906319000,1869463000,36856000,28735000,58874000,21.221279545086194,0.011135728435053836,0.005515298479302441,0.007198775578512751,0.9280515298847335
2016-03-31,2016-05-06,REG,53143000,0.49,97518000,149628000,101620000,2046671000,1879051000,1851914000,27137000,68835000,68835000,20.987622797842448,0.025965580203168952,0.01197831132925604,0.01602607099755424,0.9181011506001697
2016-06-30,2016-08-05,REG,40076000,0.36,97657000,152412000,102778000,2166756000,2041992000,2017053000,24939000,74478000,74478000,22.18741104068321,0.01849585278637742,0.008989100748987055,-0.11100686204235813,0.9424189894939716
2016-09-30,2016-11-04,REG,10571000,0.05,103675000,152768000,42239000,2567145000,1684076000,1643174000,40902000,74036000,74036000,24.76146612008681,0.004117804019640496,0.0023549167659113377,0.011645869902068923,0.6560112498514887
2016-12-31,2017-02-27,REG,61135000,0.54,104149383,159561000,84004000,2591301000,1696600000,1683344000,13256000,72027000,72027000,24.880617871735254,0.023592396251921333,0.005489866533428784,0.0011035214009793059,0.6547290337942215
2017-03-31,2017-05-10,REG,-21367000,-0.17,126649000,196131000,54079000,6731349000,4087695000,4050840000,36855000,-6549000,32723000,53.149641923741996,-0.003174252293262465,-0.0019090728447946203,0.00732364550808107,0.6072623778680916
2017-06-30,2017-08-08,REG,49493000,0.28,170088000,261305000,172978000,6692286000,4161721000,4064455000,97266000,66456000,143119000,39.34602088330747,0.007395529718843457,0.0044513117262784604,0.008972420178193377,0.621868372033114
2017-09-30,2017-11-06,REG,62813000,0.35,170105000,262141000,154925000,6595462000,4159347000,4135804000,23543000,91857000,168015000,38.77288733429352,0.009523669456362571,0.005636468298959937,0.009608943329806168,0.6306377021048715
2017-12-31,2018-02-27,REG,85139000,0.5,170998280,264751000,168382000,6692052000,4132378000,4087008000,45370000,-8913000,127289000,39.135200658158666,0.012722405623865445,0.007578786838642048,0.0011635615601649366,0.6175053630784698
2018-03-31,2018-05-07,REG,52660000,0.31,170704000,276693000,141894000,6564301000,4367532000,4279628000,87904000,83455000,149868000,38.45428929609148,0.008022179360757527,0.0047094680340162036,-0.001608228480996172,0.6653460894008364
2018-06-30,2018-08-03,REG,47841000,0.28,169424000,281412000,186473000,6528100000,4348518000,4311367000,37151000,54093000,151038000,38.531140806497305,0.007328472296686632,0.004326749588270991,0.002547270402889883,0.6661230679677088
2018-09-30,2018-11-05,REG,69722000,0.41,169438000,278310000,186334000,6512094000,4224549000,4184184000,40365000,163849000,163849000,38.43349189674099,0.010706540783962885,0.006370410856871518,0.008501742381789254,0.6487235902921549
2018-12-31,2019-02-21,REG,78905000,0.47,167106280,284560000,174277000,6397970000,4211938000,4166748000,45190000,145572000,145572000,38.286831590051555,0.012332818065730224,0.0071617204611819415,0.003409998670388237,0.6583241246832979
2019-03-31,2019-05-10,REG,90446000,0.54,167440000,286257000,189030000,6350695000,4609047000,4566263000,42784000,131364000,131364000,37.92818322981366,0.014241905807159689,0.008262029640668486,-0.00039508107546748803,0.725754740229219
2019-06-30,2019-08-06,REG,51728000,0.31,167536000,275872000,179357000,6300841000,4584050000,4550268000,33782000,157959000,157959000,37.60887809187279,0.008209697721304188,0.004629753109071463,0.0015179507615234941,0.727529864664098
2019-09-30,2019-11-04,REG,56965000,0.34,167559000,282276000,186623000,6262739000,4783928000,4740645000,43283000,180033000,180033000,37.37632117642144,0.009095860453389483,0.005117113310306548,-0.0037657634709075006,0.763871526499827
2019-12-31,2020-02-18,REG,40291000,0.24,167130644,288732000,168899000,6213348000,4792640000,4679620000,113020000,151915000,151915000,37.17659341993561,0.006484587697325178,0.0034828766273659138,0.01196435498166479,0.7713458187115867
2020-03-31,2020-05-08,REG,-25332000,-0.15,167908000,283658000,190360000,6199422000,5271371000,4538121000,733250000,156208000,125678000,36.92154036734402,-0.004086187389727623,-0.0022247771424436136,0.005492690460005608,0.8503003989726784
2020-06-30,2020-08-04,REG,19046000,0.11,169643000,231113000,130606000,6121983000,4914866000,4331441000,583425000,75581000,91741000,36.087448347411915,0.0031110834512281397,0.0017335601907007229,0.005870134034551741,0.8028225494909084
2020-09-30,2020-11-06,REG,12688000,0.07,169671000,242944000,138144000,6039594000,4599009000,4322458000,276551000,125707000,157170000,35.59591208868929,0.0021008034646037466,0.0011601089302786236,-0.0019365168502043404,0.7614765164678288
2020-12-31,2021-02-17,REG,38487000,0.23,169220310,258460000,147968000,5984912000,4521186000,4145113000,376073000,165973000,124529000,35.367574967803804,0.006430670993992894,0.0036219690818397312,0.011708756888556543,0.7554306562903514
2021-03-31,2021-05-07,REG,80656000,0.48,169768000,274703000,170970000,5969631000,4240787000,4103537000,137250000,165677000,139362000,35.16346425710381,0.013511052860721207,0.007580332863227885,0.013172122216168737,0.7103934899828817
2021-06-30,2021-08-06,REG,95490000,0.56,169854000,287159000,184782000,5967080000,4230335000,3946302000,284033000,149912000,185925000,35.13064160985317,0.016002802040529035,0.008797756899062025,0.015624032242477895,0.7089455814234098
2021-09-30,2021-11-05,REG,117406000,0.69,170090000,307375000,209527000,6070721000,4329460000,3970063000,359397000,140252000,183191000,35.691228173320006,0.01933971269639965,0.010878416924691568,0.0049489591264081645,0.7131706431575425
2021-12-31,2022-02-17,REG,67859000,0.4,170785107,296924000,196844000,6037371000,4298008000,4204911000,93097000,110455000,150910000,35.350687809095675,0.011239826076615136,0.006259960642661864,0.022806245717507095,0.7119005938180708
2022-03-31,2022-05-06,REG,195228000,1.14,171372557,303433000,210810000,6132327000,4295312000,4119331000,175981000,106573000,142892000,35.783599821061195,0.03183587567981942,0.01790784378564487,0.00909228198267404,0.7004375337453466
2022-06-30,2022-08-05,REG,69237000,0.4,172064000,302083000,199371000,6125033000,4309761000,4191699000,118062000,147334000,184865000,35.59741142830575,0.011303939097144456,0.006352696163820048,0.0071552927484207765,0.7036306579899243
2022-09-30,2022-11-04,REG,52307000,0.31,171121000,303989000,195264000,6115883000,4295035000,4143803000,151232000,162408000,200485000,35.74010787688244,0.008552648897959625,0.004816384935111812,0.008105937054635507,0.7022755340479861
2022-12-31,2023-02-17,REG,60261000,0.35,170659178,314517000,209167000,6096985000,4294680000,4228214000,66466000,132461000,127573000,35.72608910608957,0.009883737617855383,0.005576789244175285,-0.0029972689498044894,0.7043940570626301
2023-03-31,2023-05-05,REG,-22555000,-0.13,171212000,317977000,214588000,6057321000,4301305000,4236117000,65188000,123377000,162099000,35.379068055977385,-0.00372359331790407,-0.0020830360700945564,0.012183198655298648,0.7101002241750107
2023-06-30,2023-08-04,REG,86782000,0.51,170990000,314247000,206466000,6040213000,4289172000,4249323000,39849000,131471000,172578000,35.32494882741681,0.014367374130680491,0.007009054054730744,0.005693655499320618,0.7101027728657914
2023-09-30,2023-11-06,REG,90720000,0.5,177344000,330638000,353536000,7060914000,4707910000,4633550000,74360000,155207000,213008000,39.81478933597979,0.012848195007048662,0.007300284471292267,0.0027253896921582135,0.6667564567420026
2023-12-31,2024-02-16,REG,89774000,0.47,184132930,359604000,230404000,7032687000,4798314000,4713343000,84971000,56221000,171906000,38.19353224868577,0.012765248901308987,0.00709625233866705,0.012835067762465775,0.6822874386418732
2024-03-31,2024-05-03,REG,109774000,0.58,184678000,365085000,234170000,7019711000,5052324000,4827624000,224700000,123979000,167880000,38.01054267427631,0.015637965722520485,0.00886405074861638,0.012827948226331069,0.7197339035752327
2024-06-30,2024-08-02,REG,102668000,0.54,183703000,359108000,385436000,6795728000,4989213000,4915399000,73814000,144957000,203597000,36.993015900665746,0.015107726501119526,0.008261968157125143,0.010461759999699432,0.7341690250110069
2024-09-30,2024-11-01,REG,101469000,0.54,182872000,360072000,225333000,6767466000,5012741000,4902732000,110009000,329877000,227599000,37.00657290345159,0.014993647548432456,0.008188292393754305,0.011730734988386659,0.7407116637157837
2024-12-31,2025-02-14,REG,86477000,0.46,180882000,372536000,229066000,6724146000,5018169000,4961886000,56283000,191385000,191385000,37.17421302285468,0.012860666618482109,0.0068850730927455025,0.01246530901164741,0.7462909044509146
2025-03-31,2025-05-02,REG,109587000,0.6,181813000,380763000,242444000,6699578000,5259769000,5184676000,75093000,161031000,161031000,36.84872918878188,0.016357298922409738,0.008608241924063472,0.012109468545522504,0.7850895981806615
