date,filingDate,symbol,netIncome,eps,weightedAverageShsOut,revenue,ebitda,totalStockholdersEquity,totalDebt,netDebt,cashAndCashEquivalents,freeCashFlow,operatingCashFlow,bookValuePerShare,ROE,ROA,ROIC,debtToEquity
2015-09-30,2015-11-04,REGN,210398000,2.04,115864182,1137422000,413096000,3296867000,394867000,-259720000,654587000,746754000,892853000,28.454583142873265,0.0638175576994765,0.04059453029810445,0.06949911130561151,0.11977037593569895
2015-12-31,2016-02-11,REGN,154994000,1.49,115496000,1098077000,253992000,3654837000,375510000,-433592000,809102000,104044000,281823000,31.644706310175245,0.0424079103938151,0.027632439386343556,0.048880189650286725,0.10274329607585783
2016-03-31,2016-05-05,REGN,165736000,1.74,114192809,1200849000,352285000,3765082000,362230000,-241984000,604214000,-59105000,44989000,32.97127054646672,0.04401922720408214,0.028069628721339463,0.047418857375887795,0.09620773199627525
2016-06-30,2016-08-04,REGN,196218000,1.88,116105325,1212629000,316657000,4076506000,361523000,-284985000,646508000,260663000,399499000,35.11041375578596,0.04813386758169864,0.031623041509412066,0.051973313595025675,0.08868452542446889
2016-09-30,2016-11-04,REGN,264804000,2.53,116466000,1220122000,393942000,4491247000,382228000,-538131000,920359000,532473000,651029000,38.562730754039805,0.05896001711774035,0.03878196589669712,0.06702678875593737,0.08510509442032468
2016-12-31,2017-02-09,REGN,253115000,2.41,115788000,1226827000,370427000,4449245000,481126000,-54077000,535203000,227424000,377879000,38.42578678274087,0.05688942730732967,0.03629687159871433,0.05758937997364379,0.10813654901000057
2017-03-31,2017-05-04,REGN,248931000,2.36,115106000,1318991000,477905000,4866021000,707607000,-104166000,811773000,305440000,355901000,42.274260247076604,0.051156992540722694,0.03184333851623917,0.0531831408929836,0.1454179914143404
2017-06-30,2017-08-03,REGN,387744000,3.66,116091017,1470116000,566377000,5520738000,701173000,-43140000,744313000,-85419000,-30570000,47.55525571801994,0.07023408826863364,0.04783199588767998,0.0715142868606077,0.12700711390397443
2017-09-30,2017-11-08,REGN,388317000,3.64,116962951,1500673000,609506000,6051593000,702317000,-89748000,792065000,355179000,414832000,51.7394007953852,0.06416773236402382,0.04462790541320953,0.06584560011163394,0.11605489661978259
2017-12-31,2018-02-08,REGN,173519000,1.62,115876000,1582447000,595309000,6144078000,703453000,-109280000,812733000,459300000,566937000,53.02286927405157,0.02824166620280537,0.01979841826248025,0.029065863709009824,0.11449284986290864
2018-03-31,2018-05-03,REGN,477980000,4.44,114900000,1511485000,628195000,6567644000,704645000,-314846000,1019491000,539400000,618800000,57.15965187119234,0.07277800075643565,0.05099706637236501,0.07728339718656582,0.10729037688400894
2018-06-30,2018-08-02,REGN,551412000,5.12,114398340,1608022000,696634000,7186426000,705903000,-211973000,917876000,282600000,394600000,62.819320630002146,0.07672965671670452,0.055407265689842625,0.07989535338770869,0.09822726902079003
2018-09-30,2018-11-06,REGN,594655000,5.51,115029013,1663496000,678796000,7868300000,707203000,-380640000,1087843000,346700000,452900000,68.40274288018102,0.07557604565153846,0.055032046770507145,0.08035399080444833,0.08988002491008223
2018-12-31,2019-02-07,REGN,820400000,7.58,114741258,1927800000,726308000,8757300000,708500000,-759200000,1467700000,643300000,728800000,76.32215432046247,0.09368184257705,0.06991350291874388,0.10368914842948078,0.08090393157708427
2019-03-31,2019-05-07,REGN,461100000,4.23,115500000,1372600000,604800000,9444700000,709900000,-998600000,1708500000,822700000,897000000,81.77229437229437,0.048821031901489724,0.03586986962068644,0.05536300796302335,0.07516384850762861
2019-06-30,2019-08-06,REGN,193100000,1.77,114600000,1577800000,284800000,9755900000,711300000,-334200000,1045500000,93700000,188300000,85.13001745200698,0.01979315081130393,0.014658104086961802,0.0212249322702136,0.07290972642196004
2019-09-30,2019-11-05,REGN,669600000,6.12,114200000,1743700000,829200000,10504400000,712700000,-672100000,1384800000,435600000,557300000,91.98248686514886,0.06374471649975248,0.048036845465697704,0.06879328340168331,0.06784775903430944
2019-12-31,2020-02-07,REGN,792000000,7.25,114300000,1863500000,950800000,11089700000,713900000,-903900000,1617800000,648400000,787400000,97.02274715660542,0.07141762175712599,0.05349471807202875,0.07834078691148402,0.06437505072274273
2020-03-31,2020-05-05,REGN,624600000,5.69,115027624,1828200000,730800000,12133000000,715200000,-1493000000,2208200000,527900000,698000000,105.47901085047188,0.05147943624824858,0.03963826749167063,0.05923858685751172,0.05894667435918569
2020-06-30,2020-08-05,REGN,897300000,8.187,109600000,1952000000,987400000,9057400000,2215900000,223700000,1992200000,813500000,943400000,82.6405109489051,0.09906816525713781,0.06218855475545267,0.09770091780573605,0.2446507827853468
2020-09-30,2020-11-05,REGN,842100000,7.982,105500000,2294000000,1083900000,10125500000,2694800000,1121800000,1573000000,-407500000,-254300000,95.97630331753554,0.08316626339440028,0.05235637901019647,0.07684377082161543,0.26613994370648364
2020-12-31,2021-02-08,REGN,1149200000,10.9032,105400000,2422900000,1301100000,11025300000,2695700000,502000000,2193700000,1069600000,1231000000,104.60436432637572,0.10423299139252447,0.06695682065803196,0.10089862737554087,0.24450128341178926
2021-03-31,2021-05-06,REGN,1115200000,10.58,110500000,2528700000,1335000000,11977000000,2696700000,1258800000,1437900000,553200000,668500000,108.38914027149322,0.09311179761208983,0.06274968771452043,0.0852380928663967,0.22515655005427068
2021-06-30,2021-08-05,REGN,3098900000,29.5133,105000000,5138500000,3838300000,15127300000,2697600000,625400000,2072200000,478200000,626700000,144.06952380952382,0.20485479893966538,0.14422947142079223,0.1974766800271209,0.1783266015746366
2021-09-30,2021-11-04,REGN,1632200000,15.3691,106200000,3452800000,1904000000,17258000000,2698600000,-733800000,3432400000,3280400000,3413600000,162.50470809792844,0.09457642832309654,0.06895211541304945,0.09954845511227839,0.15636806118901378
2021-12-31,2022-02-07,REGN,2229000000,20.9887,106200000,4951700000,2592000000,18768800000,2699700000,-185900000,2885600000,2217600000,2372500000,176.7306967984934,0.11876092238182516,0.08763583751395726,0.12062457882780282,0.14383977665061165
2022-03-31,2022-05-04,REGN,973500000,8.61,113066202,2965100000,1149000000,19914700000,2700400000,-645300000,3345700000,1959900000,2101700000,176.1330941318786,0.0488834880766469,0.036946794338999646,0.051168030172157826,0.13559832686407527
2022-06-30,2022-08-03,REGN,852100000,7.47,114000000,2857200000,1050700000,20687800000,2700700000,-694400000,3395100000,410800000,564400000,181.4719298245614,0.04118852657121588,0.031320527240514894,0.043198704804313,0.13054553891665618
2022-09-30,2022-11-03,REGN,1315700000,11.66,112800000,2936200000,1617700000,21438800000,2701100000,-790200000,3491300000,486400000,628900000,190.06028368794327,0.061370039367875065,0.04753629262441379,0.06436431675101534,0.1259911935369517
2022-12-31,2023-02-06,REGN,1197100000,11.19,107000000,3414400000,1442200000,22664000000,2701400000,-404500000,3105900000,1567700000,1719900000,211.81308411214954,0.052819449346981996,0.04097622755823307,0.05448567881986559,0.11919343452170844
2023-03-31,2023-05-04,REGN,817800000,7.64,107100000,3162100000,975500000,23495200000,2701800000,-1214500000,3916300000,1189400000,1367600000,219.37628384687207,0.034807109537267185,0.027205679326943868,0.037474434975411156,0.11499370084102285
2023-06-30,2023-08-03,REGN,968400000,9.05,107000000,3158100000,1204900000,24017900000,2702200000,765000000,1937200000,909400000,1022400000,224.46635514018692,0.04031992805365998,0.03158770284595939,0.03975731718366406,0.11250775463300289
2023-09-30,2023-11-02,REGN,1007800000,9.48,106300000,3362700000,1234000000,24904400000,2702600000,550300000,2152300000,938300000,1114300000,234.2841015992474,0.04046674483223848,0.03133384944952788,0.04022634239860612,0.10851897656638987
2023-12-31,2024-02-05,REGN,1159600000,10.88,106600000,3434300000,1278900000,25973100000,2702900000,-27100000,2730000000,776200000,1089700000,243.6500938086304,0.04464619163673185,0.035054201607003586,0.04540550974613146,0.10406535993008151
2024-03-31,2024-05-02,REGN,722000000,6.7,107800000,3145000000,830900000,26991100000,2703300000,101300000,2602000000,1350700000,1512500000,250.3812615955473,0.026749558187698908,0.02100693636236674,0.027261867187455175,0.10015523635568761
2024-06-30,2024-08-01,REGN,1432300000,13.25,108100000,3547100000,1763600000,28205800000,2703600000,782900000,1920700000,143100000,354000000,260.9232192414431,0.05078033595927079,0.039690413115044836,0.04985805190746373,0.09585262605563395
2024-09-30,2024-10-31,REGN,1340600000,12.4,108100000,3720700000,1628500000,29325900000,2704000000,692200000,2011800000,1107600000,1291200000,271.2849213691027,0.045713857034225716,0.03580480691417903,0.0450725177903549,0.0922051838136255
2024-12-31,2025-02-05,REGN,917700000,8.53,107900000,3789200000,1095000000,29353600000,2704400000,216200000,2488200000,995800000,1262800000,272.0444856348471,0.03126362694865366,0.024303881947276704,0.03137516140669178,0.09213179984737818
2025-03-31,2025-04-29,REGN,808700000,7.58,106700000,3028700000,1040600000,29387600000,2704800000,-385400000,3090200000,773600000,1045100000,275.4226804123711,0.027518409124937047,0.021539371211233393,0.028152148564382102,0.09203881909376745
2025-06-30,2025-08-01,REGN,1391600000,13.2407,105100000,3675600000,1657400000,29938900000,2705100000,709300000,1995800000,967600000,1144400000,284.86108468125593,0.04648133364953288,0.03641101854565245,0.04551323457844543,0.09035402102281646
