date,filingDate,symbol,netIncome,eps,weightedAverageShsOut,revenue,ebitda,totalStockholdersEquity,totalDebt,netDebt,cashAndCashEquivalents,freeCashFlow,operatingCashFlow,bookValuePerShare,ROE,ROA,ROIC,debtToEquity
2015-09-30,2015-11-05,RF,258000000,0.18,1319000000,1398000000,510000000,16952000000,7364000000,2421000000,4943000000,740000000,744000000,12.85216072782411,0.015219443133553563,0.002067489922990007,0.013523976668559335,0.43440302029259087
2015-12-31,2016-02-16,RF,285000000,0.21,1301000000,1530000000,547000000,16844000000,8359000000,3045000000,5314000000,7000000,7000000,12.94696387394312,0.01691997150320589,0.002261007536691789,0.014480366031474684,0.4962597957729755
2016-03-31,2016-05-06,RF,273000000,0.2,1286000000,1481000000,516000000,17211000000,7851000000,3461000000,4390000000,785000000,790000000,13.383359253499222,0.015861948753704027,0.002174623025513984,0.013206269349845201,0.4561617570158619
2016-06-30,2016-08-05,RF,275000000,0.2,1265000000,1478000000,524000000,17385000000,8970000000,4733000000,4237000000,337000000,356000000,13.743083003952568,0.015818234109864826,0.0021788736411751655,0.012297676100913283,0.5159620362381363
2016-09-30,2016-11-04,RF,320000000,0.24,1246000000,1541000000,629000000,17365000000,6054000000,1816000000,4238000000,599000000,610000000,13.936597110754414,0.018427872156636913,0.0025563801656853895,0.016631041134455977,0.3486323063633746
2016-12-31,2017-02-24,RF,295000000,0.23,1224000000,1479000000,577000000,16664000000,7763000000,2327000000,5436000000,185000000,214000000,13.61437908496732,0.01770283245319251,0.002341864600533469,0.015481017323995577,0.4658545367258761
2017-03-31,2017-05-05,RF,301000000,0.24,1209000000,1440000000,560000000,16722000000,6010000000,1636000000,4374000000,728000000,736000000,13.831265508684863,0.018000239205836623,0.0024167971415954073,0.015960344264081053,0.3594067695251764
2017-06-30,2017-08-04,RF,316000000,0.25,1202000000,1479000000,583000000,16893000000,7365000000,3234000000,4131000000,409000000,419000000,14.054076539101498,0.018705972888178535,0.0025352406472886565,0.015700303075470757,0.4359793997513763
2017-09-30,2017-11-08,RF,311000000,0.25,1182000000,1494000000,586000000,16624000000,6702000000,2941000000,3761000000,830000000,852000000,14.064297800338409,0.01870789220404235,0.0025228967072547476,0.015946843853820596,0.4031520692974013
2017-12-31,2018-02-26,RF,335000000,0.28,1152000000,1575000000,675000000,16192000000,8632000000,4721000000,3911000000,163000000,314000000,14.055555555555555,0.020689229249011856,0.0026952226173427517,0.01597092717448477,0.533102766798419
2018-03-31,2018-05-09,RF,414000000,0.35,1127000000,1554000000,663000000,15866000000,7949000000,4764000000,3185000000,152000000,154000000,14.078083407275955,0.026093533341737047,0.0033682360694149522,0.020067862336403296,0.501008445733014
2018-06-30,2018-08-08,RF,375000000,0.32,1119000000,1590000000,585000000,15777000000,11290000000,7004000000,4286000000,506000000,506000000,14.099195710455763,0.023768777334093934,0.003010669813820179,0.016592774680654933,0.7155986562717881
2018-09-30,2018-11-07,RF,564000000,0.5,1086000000,1627000000,571000000,14770000000,14428000000,10933000000,3495000000,576000000,611000000,13.60036832412523,0.03818551117129316,0.004527284111159274,0.014395206785200171,0.9768449559918754
2018-12-31,2019-02-22,RF,406000000,0.38,1035000000,1650000000,598000000,15090000000,14024000000,10486000000,3538000000,970000000,1004000000,14.579710144927537,0.026905235255135853,0.0032302208643625483,0.015874257116046293,0.9293571901921802
2019-03-31,2019-05-08,RF,394000000,0.37,1019000000,1674000000,604000000,15512000000,14557000000,10750000000,3807000000,570000000,578000000,15.222767419038274,0.025399690562145437,0.003058958711821245,0.015002665448176073,0.9384347601856627
2019-06-30,2019-08-07,RF,390000000,0.37,1010000000,1673000000,590000000,16608000000,13463000000,8975000000,4488000000,741000000,743000000,16.443564356435644,0.02348265895953757,0.0030583917564579116,0.015244498299652113,0.810633429672447
2019-09-30,2019-11-06,RF,409000000,0.39,988000000,1701000000,625000000,16581000000,14529000000,9462000000,5067000000,754000000,763000000,16.782388663967613,0.024666787286653398,0.003191647092791872,0.01570479591444918,0.8762438936131717
2019-12-31,2020-02-21,RF,389000000,0.38,957000000,1663000000,592000000,16295000000,9929000000,5815000000,4114000000,492000000,497000000,17.027168234064785,0.023872353482663394,0.0030814321926489227,0.01759384893713252,0.6093280147284443
2020-03-31,2020-05-06,RF,162000000,0.15,957000000,1589000000,304000000,17332000000,13255000000,8000000000,5255000000,783000000,787000000,18.110762800417973,0.009346872836372028,0.001213101496158512,0.006395073424917101,0.764770366951304
2020-06-30,2020-08-05,RF,-214000000,-0.25,960000000,1620000000,-133000000,17602000000,6408000000,-6790000000,13198000000,845000000,857000000,18.335416666666667,-0.01215770935121009,-0.001485389046991046,-0.019792822789493156,0.36404953982501986
2020-09-30,2020-11-05,RF,530000000,0.52,960000000,1700000000,766000000,17904000000,4919000000,-8554000000,13473000000,662000000,681000000,18.65,0.029602323503127793,0.0036506405841024935,0.05668449197860963,0.2747430741733691
2020-12-31,2021-02-24,RF,616000000,0.61,960000000,1734000000,798000000,18111000000,3569000000,-14387000000,17956000000,-25000000,-1000000,18.865625,0.03401247860416322,0.004179416374356295,0.16541353383458646,0.19706255866600408
2021-03-31,2021-05-05,RF,642000000,0.64,961000000,1655000000,923000000,17862000000,2916000000,-22004000000,24920000000,708000000,719000000,18.586888657648284,0.03594222371514948,0.00418702023726448,-0.15499758570738773,0.16325159556600605
2021-06-30,2021-08-06,RF,790000000,0.78,958000000,1625000000,1115000000,18252000000,2870000000,-22724000000,25594000000,683000000,709000000,19.052192066805844,0.043282927898312513,0.005076794550478761,-0.17665474060822897,0.15724304185842647
2021-09-30,2021-11-04,RF,651000000,0.65,955000000,1656000000,929000000,18605000000,2451000000,-25056000000,27507000000,820000000,841000000,19.48167539267016,0.03499059392636388,0.004168988107817333,-0.10091458688575415,0.1317387798978769
2021-12-31,2022-02-24,RF,438000000,0.44,949000000,1671000000,619000000,18326000000,2407000000,-27004000000,29411000000,747000000,761000000,19.31085353003161,0.02390046927862054,0.00268813904675398,-0.05047245909195667,0.1313434464694969
2022-03-31,2022-05-06,RF,548000000,0.56,938000000,1636000000,807000000,16982000000,2343000000,-25602000000,27945000000,515000000,584000000,18.104477611940297,0.03226946178306442,0.0033397935178752086,-0.06357308584686774,0.13796961488635026
2022-06-30,2022-08-05,RF,583000000,0.6,934000000,1795000000,836000000,16507000000,2319000000,-18181000000,20500000000,756000000,921000000,17.673447537473233,0.03531834979099776,0.0036231884057971015,-0.3482676224611708,0.14048585448597564
2022-09-30,2022-11-03,RF,429000000,0.43,934000000,1948000000,645000000,15173000000,2274000000,-13392000000,15666000000,293000000,321000000,16.245182012847966,0.028273907599024584,0.002718665635812875,0.24087591240875914,0.14987148223818625
2022-12-31,2023-02-24,RF,685000000,0.71,934000000,2148000000,941000000,15947000000,2284000000,-8943000000,11227000000,1250000000,1276000000,17.073875802997858,0.0429547877343701,0.004413091096508182,0.09780125642490006,0.14322443092744716
2023-03-31,2023-05-05,RF,612000000,0.63,935000000,2175000000,852000000,16883000000,4307000000,-4526000000,8833000000,178000000,196000000,18.05668449197861,0.03624948172718119,0.003970545301197003,0.049526584122359794,0.25510868921400226
2023-06-30,2023-08-08,RF,581000000,0.59,939000000,2315000000,789000000,16639000000,7293000000,-2593000000,9886000000,376000000,397000000,17.719914802981897,0.034917963819941104,0.0037325898134347537,0.04136408942047558,0.43830759060039665
2023-09-30,2023-11-07,RF,490000000,0.49,939000000,2332000000,678000000,16100000000,6290000000,-2726000000,9016000000,763000000,860000000,17.145899893503728,0.030434782608695653,0.00318960579076186,0.03663825332735158,0.3906832298136646
2023-12-31,2024-02-23,RF,391000000,0.39,931000000,2329000000,524000000,17429000000,2330000000,-4471000000,6801000000,834000000,855000000,18.720730397422127,0.022433874576854668,0.0025690894516209573,0.030174409631115912,0.1336852372482644
2024-03-31,2024-05-07,RF,368000000,0.37,921000000,2287000000,512000000,17044000000,4327000000,-6923000000,11250000000,277000000,396000000,18.505971769815417,0.021591175780333254,0.002375588248584653,0.03636004347396502,0.2538723304388641
2024-06-30,2024-08-06,RF,501000000,0.52,917000000,2307000000,666000000,17169000000,5596000000,-2883000000,8479000000,154000000,161000000,18.72300981461287,0.029180499737899702,0.0032521486251395632,0.035069298614027716,0.32593628050556234
2024-09-30,2024-11-05,RF,490000000,0.49,914000000,2392000000,642000000,18676000000,7516000000,-3005000000,10521000000,1250000000,1261000000,20.433260393873084,0.02623688155922039,0.0031125735266093277,0.03126794716355051,0.4024416363246948
2024-12-31,2025-02-21,RF,534000000,0.56,911000000,2387000000,678000000,17879000000,6493000000,-4219000000,10712000000,-229000000,-220000000,19.625686059275523,0.02986744225068516,0.0033947438684822826,0.03909224011713031,0.36316348789082165
2025-03-31,2025-05-06,RF,490000000,0.51,906000000,2315000000,643000000,18530000000,6019000000,-8297000000,14316000000,1061000000,1066000000,20.452538631346577,0.02644360496492175,0.003065450496102499,0.04788429590540408,0.3248246087425796
2025-06-30,2025-08-05,RF,563000000,0.59,902000000,2430000000,725000000,18666000000,5279000000,-5896000000,11175000000,559000000,573000000,20.694013303769403,0.030161791492553304,0.0035362988832079193,0.04408770555990603,0.2828136719168542
