date,filingDate,symbol,netIncome,eps,weightedAverageShsOut,revenue,ebitda,totalStockholdersEquity,totalDebt,netDebt,cashAndCashEquivalents,freeCashFlow,operatingCashFlow,bookValuePerShare,ROE,ROA,ROIC,debtToEquity
2015-09-30,2015-11-25,RJF,129186000,0.6,214758000,1315935000,0,4522031000,2199131000,-609363000,2808494000,411945000,434391000,21.056403021074885,0.02856813675094222,0.004880831336459016,-0.0027093512929809607,0.48631488815534435
2015-12-31,2016-02-08,RJF,106329000,0.49,214587000,1249608000,0,4646814000,2025877000,-737956000,2763833000,194828000,227409000,21.654685512169888,0.022882129562319473,0.003951674575479014,-0.0029111669298379976,0.4359711836970449
2016-03-31,2016-05-06,RJF,125847000,0.59,212208000,1286695000,0,4635290000,1970244000,285401000,1684843000,-331071000,-305472000,21.843144462037248,0.027149757620343065,0.004534502332000431,-0.0022632718436488754,0.4250530171790762
2016-06-30,2016-08-08,RJF,125504000,0.59,211748000,1333238000,0,4747459000,2025487000,-209203000,1978057000,-11272000,17066000,22.420325103424826,0.02643603662506617,0.004351216053319038,-0.0024719140743467024,0.4266465492382346
2016-09-30,2016-11-22,RJF,171670000,0.81,212071000,1430705000,0,4914096000,2482474000,832022000,1650452000,-466317000,-431102000,23.17193770010987,0.034934197459715884,0.005433672557782266,-0.002316718281424891,0.5051740950929734
2016-12-31,2017-02-08,RJF,146567000,0.69,213165000,1528768000,0,5080877000,2800256000,73125000,2727131000,728928000,807775000,23.835418572467336,0.02884679160703949,0.0046280335680605154,-0.002753861994187587,0.5511363490987875
2017-03-31,2017-05-10,RJF,112755000,0.52,215051000,1600314000,0,5207748000,2318425000,-516997000,2835422000,183271000,227952000,24.21633937996103,0.021651393270181275,0.0034242133412307934,-0.0030152018169607095,0.445187631966831
2017-06-30,2017-06-30,RJF,183025000,0.85,215568000,1592118000,324307000,5389272000,2880191000,53266000,2826925000,263173000,292836000,25.000334001336004,0.03396098768071086,0.0054743118458754425,-0.0026057765061501823,0.5344304388422035
2017-09-30,2017-11-22,RJF,193489000,0.9,215869000,1656128000,370723000,5581713000,3283793000,-385879000,3669672000,-145628000,-108479000,25.856945647591825,0.03466480630587778,0.005546726792207745,0.04691555826969562,0.5883127634831816
2017-12-31,2018-02-08,RJF,118842000,0.55,216703000,1703840000,289000,5696748000,3310837000,-586692000,3897529000,386000000,422000000,26.288274735467436,0.02086137564800128,0.003293399823566085,-0.001722527725517768,0.5811801750753237
2018-03-31,2018-05-09,RJF,242847000,1.11,218100000,1789000000,378187000,5940987000,2593507000,-546431000,3139938000,150000000,184000000,27.239738651994497,0.04087654122118092,0.006739970288256424,0.04817013317335276,0.4365448030773338
2018-06-30,2018-08-07,RJF,232000000,1.06,218451000,1814000000,145000,6157363000,2565283000,-614468000,3179751000,-408000000,-382000000,28.186472023474373,0.03767846722696063,0.006379917077027791,-0.003293514986287819,0.4166203941524968
2018-09-30,2018-11-21,RJF,262748000,1.2,218430000,1875012000,0,6368461000,2635000000,-865000000,3500000000,876706000,914178000,29.155615071189853,0.041257691614975736,0.007022906476358485,-0.003635665236863396,0.4137577351890826
2018-12-31,2019-02-08,RJF,249000000,1.15,216300000,1907000000,0,6143000000,2904000000,-1418000000,4322000000,198000000,225000000,28.400369856680538,0.04053394107113788,0.006460149439601494,-0.004118646785313452,0.47273319225134297
2019-03-31,2019-05-09,RJF,261000000,1.23,215850000,1837000000,385000000,6366000000,2656000000,-1175000000,3831000000,-237000000,-205000000,29.492703266157054,0.040999057492931194,0.006836756077116513,0.05126093669583119,0.4172164624568018
2019-06-30,2019-08-08,RJF,259000000,1.23,210600000,1903000000,0,6502000000,2660000000,-936000000,3596000000,-164000000,-121000000,30.87369420702754,0.039833897262380805,0.00669648628383794,-0.0038024983619031516,0.4091048908028299
2019-09-30,2019-11-26,RJF,265000000,1.27,207900000,1999000000,0,6581000000,2594000000,-1363000000,3957000000,642000000,678000000,31.654641654641654,0.04026743655979335,0.006824620139067731,-0.004511928563289238,0.39416502051359975
2019-12-31,2020-02-07,RJF,268000000,1.29,207450000,1983000000,412000000,6842000000,2649000000,-1460000000,4109000000,510000000,546000000,32.981441311159315,0.03916983338205203,0.006674303929870001,0.05298586332860282,0.38716749488453667
2020-03-31,2020-05-08,RJF,169000000,0.81,207600000,2042000000,291000000,6798000000,3150000000,-7498000000,10648000000,2362000000,2397000000,32.74566473988439,0.02486025301559282,0.0033929611114457228,-0.2656724447101016,0.46337157987643424
2020-06-30,2020-08-07,RJF,172000000,0.83,205650000,1811000000,0,6965000000,3162000000,-2470000000,5632000000,-314000000,-288000000,33.86822270848529,0.024694903086862886,0.0038494248243140412,-0.005797687666430715,0.45398420674802586
2020-09-30,2020-11-24,RJF,209000000,1.02,205350000,2053000000,0,7114000000,3528000000,-1862000000,5390000000,1372000000,1399000000,34.643291940589236,0.02937868990722519,0.004401668000505455,-0.004818848771896421,0.49592353106550463
2020-12-31,2021-02-08,RJF,312000000,1.52,205200000,2194000000,460000000,7363000000,3140000000,-2237000000,5377000000,1896000000,1921000000,35.882066276803116,0.04237403232378107,0.005814711966751775,0.06529002959994601,0.42645660736112995
2021-03-31,2021-05-07,RJF,355000000,1.72,206700000,2341000000,508000000,7592000000,3128000000,-2723000000,5851000000,-1222000000,-1185000000,36.729559748427675,0.046759747102212854,0.006331823208361574,0.0776404436045419,0.41201264488935724
2021-06-30,2021-08-09,RJF,307000000,1.49,205800000,2437000000,545000000,7863000000,3181000000,-2801000000,5982000000,1372000000,1409000000,38.20699708454811,0.03904362202721608,0.005370794772659681,0.0806539173982872,0.4045529696044767
2021-09-30,2021-11-23,RJF,429000000,2.08,205500000,2658000000,0,8245000000,3172000000,-4029000000,7201000000,4526000000,4501000000,40.12165450121655,0.052031534263189815,0.006931540934869367,-0.006723112632149634,0.3847180109157065
2021-12-31,2022-02-08,RJF,446000000,2.16,206300000,2743000000,627000000,8600000000,3161000000,-5055000000,8216000000,-2306000000,-2287000000,41.68686379059622,0.05186046511627907,0.006514657980456026,0.1334769047221843,0.3675581395348837
2022-03-31,2022-05-09,RJF,323000000,1.56,207700000,2711000000,505000000,8602000000,3318000000,-2397000000,5715000000,1094000000,1117000000,41.41550312951372,0.037549407114624504,0.004418544205961615,0.05662311367015723,0.38572425017437806
2022-06-30,2022-08-08,RJF,301000000,1.41,210700000,2680000000,502000000,9515000000,3828000000,-2130000000,5958000000,5714000000,5740000000,45.158993830090175,0.03163426169206516,0.0034954883812753305,0.045767144407011934,0.4023121387283237
2022-09-30,2022-11-22,RJF,439000000,2.03,215000000,2795000000,633000000,9458000000,3795000000,-2383000000,6178000000,-4521000000,-4498000000,43.990697674418605,0.04641573271304716,0.0054230336870452495,-0.004029186361341838,0.4012476210615352
2022-12-31,2023-02-03,RJF,509000000,2.36,214700000,2752000000,724000000,9856000000,3382000000,-2795000000,6177000000,-3163000000,-3136000000,45.905915230554264,0.05164366883116883,0.0066063571586174675,0.07562407521484557,0.3431412337662338
2023-03-31,2023-05-08,RJF,427000000,1.97,214300000,2837000000,630000000,9995000000,4015000000,-4648000000,8663000000,-666000000,-624000000,46.640223985067664,0.04272136068034017,0.005392775953523617,0.0844457487025225,0.4017008504252126
2023-06-30,2023-08-04,RJF,369000000,1.75,210100000,2867000000,528000000,9949000000,3320000000,-5055000000,8375000000,-241000000,-188000000,47.353641123274635,0.03708915468891346,0.004753133332474592,0.07539844707805476,0.33370187958588804
2023-09-30,2023-11-21,RJF,434000000,2.07,208300000,3478000000,627000000,10214000000,3476000000,-5837000000,9313000000,383000000,434000000,49.03504560729717,0.042490699040532605,0.005538540071465033,0.09915467214987435,0.3403172116702565
2023-12-31,2024-02-07,RJF,497000000,2.38,208600000,3520000000,703000000,10790000000,3654000000,-6552000000,10206000000,493000000,543000000,51.72579098753595,0.04606116774791474,0.006202421065768127,0.1175082586125531,0.3386468952734013
2024-03-31,2024-05-07,RJF,475000000,2.27,208300000,3613000000,654000000,10984000000,4293000000,-5708000000,10001000000,342000000,391000000,52.73163706192991,0.043244719592134016,0.005847449281071499,0.09481233606093085,0.3908412235979607
2024-06-30,2024-08-06,RJF,492000000,2.37,206800000,3714000000,689000000,11197000000,4242000000,-4853000000,9095000000,655000000,711000000,54.144100580270795,0.043940341162811467,0.006102098526566453,0.08116633900668113,0.3788514780744842
2024-09-30,2024-11-26,RJF,602000000,2.93,204700000,3953000000,848000000,11673000000,4027000000,-6971000000,10998000000,460000000,510000000,57.024914509037615,0.051572003769382334,0.007253711201079622,0.13493754057623855,0.34498415146063566
2024-12-31,2025-02-07,RJF,600000000,2.94,203700000,3982000000,796000000,11923000000,3857000000,-6191000000,10048000000,789000000,830000000,58.53215513009327,0.05032290530906651,0.00729199581925573,0.104675505931612,0.3234924096284492
2025-03-31,2025-05-07,RJF,495000000,2.41,204300000,3791000000,748000000,12212000000,3676000000,-5986000000,9662000000,71000000,117000000,59.77484092021537,0.04053390108090403,0.005954385796083338,0.08305993375216568,0.30101539469374383
2025-06-30,2025-08-06,RJF,436000000,2.16,201200000,3842000000,1007000000,12259000000,3772000000,-5423000000,9195000000,634000000,691000000,60.92942345924453,0.03556570682763684,0.00514060012969404,0.1140789488727009,0.3076923076923077
