date,filingDate,symbol,netIncome,eps,weightedAverageShsOut,revenue,ebitda,totalStockholdersEquity,totalDebt,netDebt,cashAndCashEquivalents,freeCashFlow,operatingCashFlow,bookValuePerShare,ROE,ROA,ROIC,debtToEquity
2015-09-30,2015-10-29,ROL,45046000,0.0933,491836500,399746000,82313000,519430000,0,-134310000,134310000,43686000,54569000,1.0561029935761173,0.08672198371291608,0.052236997282971084,0.1149056321584606,0.0
2015-12-31,2016-02-24,ROL,31749000,0.0667,491816250,362500000,62664000,524029000,0,-134574000,134574000,41650000,52532000,1.0654975308359576,0.06058634159559872,0.037245243310015705,0.08077405535176531,0.0
2016-03-31,2016-04-28,ROL,31928000,0.0667,492043500,352736000,62679000,541559000,0,-131238000,131238000,32388000,41344000,1.1006323627890624,0.058955718582832155,0.036572109299382025,0.07760091052524311,0.0
2016-06-30,2016-07-28,ROL,47783000,0.0978,491483250,411133000,88645000,558320000,0,-126465000,126465000,44145000,55178000,1.1359898836837268,0.08558353632325548,0.052763855163587496,0.10968700871849586,0.0
2016-09-30,2016-10-28,ROL,49651000,0.1,490587750,423994000,93049000,574229000,0,-139263000,139263000,54498000,61637000,1.1704919252468085,0.08646550418038797,0.05387975236431312,0.11414915188773375,0.0
2016-12-31,2017-02-24,ROL,38007000,0.0756,490092750,385614000,66359000,568545000,0,-142785000,142785000,62413000,68366000,1.1600763324901255,0.06684958974223676,0.041468002417793914,0.08926860202931229,0.0
2017-03-31,2017-04-28,ROL,40270000,0.08,490434750,375247000,71029000,583551000,0,-162478000,162478000,52593000,58047000,1.1898647067729193,0.06900853567211777,0.04354148983905759,0.0956366235783344,0.0
2017-06-30,2017-07-28,ROL,53689000,0.11,490504500,433555000,99686000,617462000,0,-194837000,194837000,56093000,61861000,1.2588304490580617,0.08695109982476655,0.05475530480578791,0.12703697131026323,0.0
2017-09-30,2017-10-27,ROL,51430000,0.11,490473000,450442000,96874000,650439000,0,-113396000,113396000,63484000,69479000,1.3261463933794522,0.07906967448138873,0.04914350035880584,0.09576514357323343,0.0
2017-12-31,2018-02-26,ROL,33735000,0.0667,490475250,414713000,83494000,653924000,0,-107050000,107050000,38520000,45983000,1.3332456632623155,0.05158856380863831,0.03263636214123945,0.061686969941887895,0.0
2018-03-31,2018-04-27,ROL,48525000,0.0978,490866750,408742000,76110000,662763000,0,-84319000,84319000,66614000,72748000,1.3501892315990032,0.0732162175619339,0.04618367253706115,0.08388884662992442,0.0
2018-06-30,2018-07-27,ROL,65542000,0.13,490923000,480461000,106543000,695811000,0,-87885000,87885000,49649000,57761000,1.41735261945356,0.09419511907687576,0.05930425938895132,0.10781246401700206,0.0
2018-09-30,2018-10-26,ROL,66628000,0.14,490981500,487739000,106757000,734758000,0,-118652000,118652000,77366000,82765000,1.496508524251932,0.09068019674505075,0.058985120926226105,0.10814372851424918,0.0
2018-12-31,2019-03-01,ROL,50968000,0.11,490974000,444623000,88115000,711908000,0,-115485000,115485000,65464000,72998000,1.4499912418987564,0.07159352051107727,0.04658338542980503,0.08545612761412621,0.0
2019-03-31,2019-04-26,ROL,44226000,0.0933,491259000,429069000,72736000,719124000,182229000,65622000,116607000,52134000,58615000,1.463838830433641,0.06149982478682397,0.0347668999867932,0.056357088790513106,0.253404141705742
2019-06-30,2019-07-26,ROL,64295000,0.13,491259000,523957000,109247000,752264000,539443000,440977000,98466000,71373000,78328000,1.5312981543340682,0.08546866525581445,0.03716953110140787,0.055218589370113196,0.7170926695947167
2019-09-30,2019-10-25,ROL,44061000,0.0867,491188500,556466000,70537000,806897000,523655000,419293000,104362000,88110000,93375000,1.6427440789024987,0.05460548248413366,0.024966667478848795,0.038042259878796204,0.6489737847581538
2019-12-31,2020-02-28,ROL,50765000,0.11,491158500,505985000,97055000,815750000,493268000,398992000,94276000,70425000,78870000,1.660869149164679,0.062231075697211154,0.029185485502980352,0.04320683274731696,0.6046803555010727
2020-03-31,2020-04-30,ROL,43268000,0.09,491523000,487901000,79162000,800371000,529046000,436464000,92582000,85289000,91963000,1.628349029445214,0.054059929707598105,0.024424788552390404,0.03634994841482771,0.6610009608044269
2020-06-30,2020-07-31,ROL,75358000,0.15,491644500,553329000,126705000,862830000,471340000,336511000,134829000,137042000,142809000,1.7549875977459324,0.0873381778565882,0.04103612429222243,0.06359761277041444,0.5462721509451456
2020-09-30,2020-10-28,ROL,79579000,0.16,491631000,583698000,131872000,932716000,382992000,287552000,95440000,100586000,105835000,1.897187117980762,0.08531964713803558,0.04406206639181514,0.06555330353105271,0.4106201673392544
2020-12-31,2021-02-26,ROL,62619000,0.13,491619000,536292000,109692000,941360000,417145000,318668000,98477000,89639000,95178000,1.9148161482774262,0.06651971615534971,0.03392328945229969,0.04992012554900199,0.4431301521203365
2021-03-31,2021-04-30,ROL,92643000,0.19,492003000,535554000,144054000,988935000,369330000,252008000,117322000,111660000,119486000,2.010018231596149,0.09367956437986319,0.04936010826477985,0.07503279753704342,0.37346236102473873
2021-06-30,2021-07-30,ROL,98854000,0.2,491999000,638204000,157851000,1050684000,348408000,219880000,128528000,94316000,99719000,2.135540925896191,0.09408537676408892,0.05144109907253656,0.07815525998892926,0.33160112840778005
2021-09-30,2021-10-29,ROL,93853000,0.19,492069000,650199000,151011000,1101629000,322065000,204410000,117655000,72904000,79706000,2.238769359581685,0.08519474342087945,0.049271503291924194,0.07204288935561311,0.2923534148066182
2021-12-31,2022-02-25,ROL,66807000,0.13,492041000,600343000,117661000,1111217000,402760000,297459000,105301000,95731000,102894000,2.2583829396330795,0.06012057050963043,0.03304757758936257,0.047425383835601666,0.3624494585665986
2022-03-31,2022-04-28,ROL,73766000,0.15,492213000,590680000,117796000,1107529000,540085000,281747000,258338000,79537000,87532000,2.250101074128477,0.06660412503871231,0.03461335067613952,0.05341721628010193,0.48764863041960976
2022-06-30,2022-07-28,ROL,101620000,0.21,492327000,714049000,159193000,1145567000,490746000,269782000,220964000,119399000,127285000,2.326841712926571,0.08870716422522645,0.04688389569094461,0.0722641242504508,0.42838699089621124
2022-09-30,2022-10-27,ROL,108943000,0.22,492316000,729704000,169945000,1196551000,399054000,277178000,121876000,120680000,127720000,2.430453204852168,0.0910475190777493,0.05157106589733503,0.07435013818463776,0.3335035447715977
2022-12-31,2023-02-16,ROL,84269000,0.17,492344000,661390000,145946000,1267197000,336329000,240983000,95346000,115685000,123392000,2.573804088198495,0.0665003152627413,0.03971154009277917,0.05603144710413415,0.26541177101902863
2023-03-31,2023-04-27,ROL,88234000,0.18,492516000,658015000,139456000,1287752000,341273000,228770000,112503000,93137000,100773000,2.614639930479416,0.06851785126328672,0.04125231545767283,0.058414063154156044,0.2650145369605328
2023-06-30,2023-07-27,ROL,110143000,0.22,492700000,820750000,182247000,1342225000,624628000,469881000,154747000,140638000,147413000,2.7242236655165417,0.08206001229302091,0.04237361166146661,0.06270756872191253,0.4653675799512004
2023-09-30,2023-10-26,ROL,127777000,0.26,490775000,840427000,202285000,1102843000,903171000,760924000,142247000,120487000,127355000,2.24714584076206,0.11586145988141558,0.048401167140222356,0.07076857346391856,0.8189479372857242
2023-12-31,2024-02-15,ROL,108803000,0.22,483922000,754086000,181076000,1155567000,816348000,712523000,103825000,141639000,152825000,2.3879199540421805,0.09415550980600865,0.04192050734744515,0.061522065534747546,0.7064480034476581
2024-03-31,2024-04-25,ROL,94394000,0.2,484131000,748349000,159673000,1167496000,854917000,741946000,112971000,120262000,127433000,2.411529110922457,0.08085166887081412,0.035504899348120206,0.05249936485396519,0.7322654638645443
2024-06-30,2024-07-25,ROL,129396999,0.27,484244000,891920000,210500000,1236058000,875587000,768890000,106697000,136419000,145115000,2.552552019229975,0.10468521622771747,0.04677278346446162,0.06740596962116946,0.7083704809968464
2024-09-30,2024-10-24,ROL,136913000,0.28,484317000,916270000,220042000,1317777000,839458000,744176000,95282000,139425000,146947000,2.720897676521782,0.10389694159178678,0.04861625496502732,0.06896276929713424,0.6370258397285732
2024-12-31,2025-02-13,ROL,105675000,0.22,484304000,832169000,180912000,1330593000,812528000,722898000,89630000,183975000,188158000,2.747433430242162,0.07941947687985733,0.03747745766829391,0.05324095452545563,0.6106510405510926
2025-03-31,2025-04-24,ROL,105248000,0.22,484414000,822504000,172549000,1355752000,911033000,709856000,201177000,140111000,146892000,2.798746526731267,0.07763071712230556,0.035694736206647454,0.05309965444424813,0.6719761431294219
2025-06-30,2025-07-24,ROL,141489000,0.29,484530000,999527000,230362000,1443871000,967182000,844147000,123035000,168046000,175122000,2.9799413864982562,0.09799282622893596,0.04449283656809348,0.06422543597446065,0.6698534702892432
