date,filingDate,symbol,netIncome,eps,weightedAverageShsOut,revenue,ebitda,totalStockholdersEquity,totalDebt,netDebt,cashAndCashEquivalents,freeCashFlow,operatingCashFlow,bookValuePerShare,ROE,ROA,ROIC,debtToEquity
2015-09-30,2015-10-30,RSG,215000000,0.62,348900000,2344000000,659700000,7799800000,7561000000,7458500000,102500000,190500000,423300000,22.355402694181713,0.027564809354086003,0.010340615050164008,0.01738450055009035,0.9693838303546245
2015-12-31,2016-02-12,RSG,172300000,0.5,347000000,2290200000,622900000,7774100000,7532900000,7500500000,32400000,141600000,355200000,22.403746397694526,0.022163337235178347,0.008390184993109628,0.014859328166062977,0.9689739005158153
2016-03-31,2016-04-29,RSG,156700000,0.45,345400000,2248600000,626000000,7763200000,7560400000,7527000000,33400000,160000000,431500000,22.47596988998263,0.02018497526793075,0.007629313702578484,0.01363321812853845,0.9738767518549052
2016-06-30,2016-07-29,RSG,180800000,0.53,343900000,2350700000,666500000,7755700000,7614000000,7572000000,42000000,172300000,412800000,22.552195405641175,0.023311886741364415,0.00875739874257704,0.015152524023509443,0.981729566641309
2016-09-30,2016-10-28,RSG,85600000,0.25,342600000,2409300000,489000000,7639200000,7745300000,7690300000,55000000,288600000,515300000,22.297723292469353,0.011205361817991413,0.004142931123770067,0.00955544158935201,1.0138888888888888
2016-12-31,2017-02-17,RSG,189500000,0.56,340200000,2379100000,668900000,7691300000,7658900000,7591100000,67800000,299100000,488200000,22.60817166372722,0.024638227607816626,0.009185830069414822,0.016995164942727122,0.9957874481557084
2017-03-31,2017-04-28,RSG,187800000,0.55,339900000,2393500000,656200000,7683300000,7670100000,7636900000,33200000,220400000,444300000,22.60458958517211,0.02444262231072586,0.009118363938278678,0.015987141063074712,0.9982819882081918
2017-06-30,2017-07-28,RSG,202900000,0.6,338100000,2527700000,702000000,7662900000,7781100000,7745100000,36000000,160900000,434500000,22.664596273291924,0.026478226258988113,0.00977308524114811,0.016780312161866692,1.0154249696590063
2017-09-30,2017-11-03,RSG,223200000,0.66,336500000,2563300000,727900000,7672000000,7857700000,7793800000,63900000,231200000,502700000,22.799405646359585,0.029092805005213763,0.010654649952741471,0.018097471189249772,1.0242049009384775
2017-12-31,2018-02-09,RSG,664400000,1.99,333700000,2560000000,676100000,7958800000,8187400000,8104100000,83300000,308400000,529200000,23.85016481869943,0.08347992159622053,0.031418168061663594,0.05440735937754409,1.0287229230537267
2018-03-31,2018-05-03,RSG,237700000,0.72,330700000,2427500000,688400000,7911800000,8206700000,8144100000,62600000,318100000,581400000,23.924402781977623,0.030043732146919792,0.011260759781511889,0.019315507030056814,1.0372734396723882
2018-06-30,2018-07-27,RSG,234900000,0.72,327400000,2517500000,684500000,7846100000,8257700000,8196400000,61300000,330800000,609600000,23.964874770922417,0.029938440754005174,0.011078255210175582,0.019213631098855596,1.0524591835434165
2018-09-30,2018-10-26,RSG,263400000,0.81,325500000,2565300000,719100000,7921600000,8247500000,8165600000,81900000,277500000,555900000,24.336712749615977,0.03325085841244193,0.012307203498722089,0.020966788159979183,1.0411406786507775
2018-12-31,2019-02-08,RSG,301000000,0.93,324100000,2529600000,726900000,7927100000,8337500000,8267000000,70500000,244600000,495900000,24.45880900956495,0.03797101083624529,0.013924226303372346,0.023644671145560497,1.051771770256462
2019-03-31,2019-04-26,RSG,234200000,0.73,322300000,2470600000,685400000,7919500000,8645100000,8577100000,68000000,254400000,553700000,24.571827489916227,0.029572574026138013,0.010751997061794142,0.018818816203093915,1.0916219458299135
2019-06-30,2019-07-26,RSG,251500000,0.78,321700000,2605300000,712400000,7952900000,8697600000,8625100000,72500000,292500000,581900000,24.721479639415605,0.031623684442153174,0.011433481233633982,0.019698820243476182,1.0936387984257314
2019-09-30,2019-10-31,RSG,298300000,0.93,320600000,2646900000,756600000,7976500000,8881200000,8825600000,55600000,331700000,651300000,24.87991266375546,0.03739735472951796,0.01335924869340905,0.022502245534921257,1.1134206732276062
2019-12-31,2020-02-14,RSG,289300000,0.91,319600000,2576700000,655300000,8118200000,8952500000,8905400000,47100000,266400000,565200000,25.40112640801001,0.035635978418861326,0.012753595076662641,0.02256413490786578,1.1027690867433668
2020-03-31,2020-05-06,RSG,246300000,0.77,319577000,2553900000,696000000,8117200000,9234700000,8953100000,281600000,222700000,569500000,25.39982539419295,0.030342975410239986,0.010751280070191062,0.018217978642340843,1.1376706253387867
2020-06-30,2020-08-07,RSG,225500000,0.71,319047000,2454400000,681800000,8227100000,8910500000,8640800000,269700000,456100000,764000000,25.78648286929512,0.027409415225292024,0.009878955415463742,0.017519947657481733,1.083066937316916
2020-09-30,2020-11-06,RSG,260000000,0.81,319200000,2572100000,700400000,8370100000,9031800000,8625400000,406400000,341200000,575500000,26.222117794486216,0.03106295026343771,0.011250492209034145,0.019647829959086698,1.079055208420449
2020-12-31,2021-02-23,RSG,235500000,0.74,319300000,2573300000,560000000,8483900000,9174300000,9136100000,38200000,257000000,562600000,26.570310053241467,0.027758460142151605,0.010049500725441666,0.018121032810003986,1.0813776682893481
2021-03-31,2021-05-06,RSG,295900000,0.93,319400000,2596400000,782000000,8632900000,9005900000,8982700000,23200000,330000000,661000000,27.028490920475893,0.034275851683675244,0.012725458658386589,0.02016091494735708,1.043206801885809
2021-06-30,2021-07-30,RSG,331100000,1.04,319500000,2812800000,831000000,8778300000,9210900000,9176900000,34000000,544200000,821800000,27.47511737089202,0.03771800918173222,0.013840758127421924,0.02194715249067465,1.049280612419261
2021-09-30,2021-10-29,RSG,350300000,1.1,318600000,2933900000,871700000,8873300000,9532000000,9491900000,40100000,359400000,655000000,27.850910232266166,0.03947798451534378,0.014339573210418807,0.02230316247661964,1.0742339377683612
2021-12-31,2022-02-11,RSG,313100000,0.99,317600000,2952900000,659500000,8978900000,9831600000,9802600000,29000000,236800000,648900000,28.27109571788413,0.03487064116985377,0.012546583850931678,0.02045151024814486,1.0949670895098509
2022-03-31,2022-05-06,RSG,352000000,1.11,316600000,2970100000,887800000,8984000000,9888100000,9849100000,39000000,371500000,705600000,28.37650031585597,0.039180765805877114,0.014147853103484312,0.02198932349615576,1.10063446126447
2022-06-30,2022-08-05,RSG,371900000,1.18,316473000,3413600000,932100000,9215400000,12229700000,12110300000,119400000,544700000,857900000,29.119071769155664,0.040356360006076786,0.013181913238270436,0.020862161065997222,1.327093777806715
2022-09-30,2022-10-28,RSG,416900000,1.32,316506000,3597800000,990100000,9489900000,11941700000,11860300000,81400000,542400000,819900000,29.98331785179428,0.0439309160265124,0.014679060596457872,0.023587451628913316,1.25835888681651
2022-12-31,2023-02-23,RSG,346800000,1.1,316500000,3529700000,848400000,9686000000,12081400000,11938000000,143400000,277400000,806600000,30.60347551342812,0.03580425356184183,0.011936846235659779,0.020451955226007085,1.2473053892215569
2023-03-31,2023-04-28,RSG,383900000,1.21,316712000,3581100000,1031600000,9916500000,12209600000,12077400000,132200000,309100000,687700000,31.31078077243679,0.03871325568496949,0.013200877536844857,0.02169067234334992,1.2312408611909444
2023-06-30,2023-08-01,RSG,427400000,1.35,316849000,3725900000,1087400000,10203700000,12362800000,12181200000,181600000,742800000,1078500000,32.203667993271246,0.04188676656506953,0.014331076708479612,0.023197834851828615,1.2115997138292973
2023-09-30,2023-10-27,RSG,480200000,1.52,316062000,3825900000,1143300000,10331300000,12173300000,12015800000,157500000,584200000,953100000,32.68757395700843,0.04648011382885019,0.015983863022088488,0.02610463503804005,1.1782931480065433
2023-12-31,2024-02-29,RSG,439600000,1.4,315100000,3831600000,1045100000,10542000000,13069000000,12929000000,140000000,350600000,898500000,33.456045699777846,0.04169986719787517,0.01399554282075772,0.023990381136703032,1.2397078353253652
2024-03-31,2024-05-01,RSG,453800000,1.44,315300000,3861700000,1164000000,10819800000,13070800000,12979200000,91600000,297000000,811500000,34.315889628924836,0.04194162553836485,0.014460657007109239,0.02349794040590586,1.2080445109891125
2024-06-30,2024-07-25,RSG,511500000,1.62,314910000,4048000000,1222000000,11005100000,13201500000,12710900000,490600000,696000000,1099400000,34.94681019973961,0.04647845090003726,0.016017360752299266,0.025818991217686556,1.199580194637032
2024-09-30,2024-10-30,RSG,565700000,1.8,314000000,4076200000,1231500000,11228800000,12802800000,12719400000,83400000,563600000,1003100000,35.76050955414013,0.050379381590196635,0.017781368068346837,0.02861205856184326,1.1401752636078655
2024-12-31,2025-02-14,RSG,512000000,1.63,314400000,4046000000,1135700000,11405000000,12957000000,12883000000,74000000,524400000,1022000000,36.275445292620866,0.044892590968873304,0.01580149373495463,0.026369262022614307,1.1360806663743972
2025-03-31,2025-04-25,RSG,495000000,1.58,313000000,4009000000,1267000000,11663000000,13530000000,13447000000,83000000,566000000,1025000000,37.26198083067093,0.042441910314670324,0.014953327492976468,0.02386342199584984,1.1600788819343222
2025-06-30,2025-07-30,RSG,550000000,1.76,313100000,4235000000,1356000000,12050000000,13216000000,13094000000,122000000,702000000,1109000000,38.48610667518365,0.04564315352697095,0.0164685450788993,0.02627918743592463,1.0967634854771784
