date,filingDate,symbol,netIncome,eps,weightedAverageShsOut,revenue,ebitda,totalStockholdersEquity,totalDebt,netDebt,cashAndCashEquivalents,freeCashFlow,operatingCashFlow,bookValuePerShare,ROE,ROA,ROIC,debtToEquity
2015-09-30,2015-10-23,RTX,1362000000,1.55,876000000,13788000000,2827000000,30525000000,22667000000,17190000000,5477000000,424000000,898000000,34.8458904109589,0.04461916461916462,0.014782655885385576,0.03534883159442223,0.7425716625716625
2015-12-31,2016-02-11,RTX,3278000000,3.86,850000000,14300000000,886000000,27358000000,20425000000,13350000000,7075000000,1867000000,2581000000,32.18588235294118,0.11981870019738285,0.03746970874674226,-0.009911660385372457,0.7465823525111485
2016-03-31,2016-04-29,RTX,1191000000,1.44,825000000,13357000000,2429000000,28353000000,23051000000,15836000000,7215000000,-1816000000,-1432000000,34.36727272727273,0.04200613691672839,0.01344683925889964,0.03253029977951587,0.813000387966
2016-06-30,2016-07-29,RTX,1373000000,1.66,825000000,14874000000,2854000000,29090000000,22537000000,15752000000,6785000000,1076000000,1540000000,35.26060606060606,0.047198349948435886,0.015344210996870809,0.037852179301601716,0.7747335854245445
2016-09-30,2016-10-27,RTX,1484000000,1.8,822000000,14386000000,2774000000,29187000000,22665000000,15558000000,7107000000,1432000000,1928000000,35.50729927007299,0.05084455408229691,0.01647753769625369,0.038547403146733536,0.7765443519375064
2016-12-31,2017-02-09,RTX,1011000000,1.26,802000000,14691000000,2199000000,27579000000,23901000000,16744000000,7157000000,1064000000,1799000000,34.38778054862843,0.036658326987925594,0.011270149153902748,0.03372606850103217,0.8666376590884368
2017-03-31,2017-04-28,RTX,1386000000,1.75,794000000,13820000000,2802000000,27594000000,24582000000,17426000000,7156000000,567000000,993000000,34.75314861460957,0.0502283105022831,0.015336438980669005,0.03635428503700833,0.8908458360513155
2017-06-30,2017-07-28,RTX,1439000000,1.82,789000000,15285000000,2842000000,28442000000,26626000000,17281000000,9345000000,1606000000,2146000000,36.048162230671736,0.050594191688348215,0.015180445813509436,0.037580741936572216,0.9361507629561916
2017-09-30,2017-10-27,RTX,1330000000,1.69,788000000,15038000000,2741000000,29881000000,27260000000,18737000000,8523000000,-567000000,-29000000,37.92005076142132,0.044509889227268166,0.01380355363666556,0.03341781267215528,0.9122853987483686
2017-12-31,2018-02-09,RTX,397000000,0.5,789000000,15655000000,2535000000,29610000000,27485000000,18500000000,8985000000,1631000000,2521000000,37.52851711026616,0.013407632556568726,0.0040961617829137435,0.011713406044676453,0.9282337048294496
2018-03-31,2018-04-27,RTX,1297000000,1.64,790000000,15215000000,2727000000,30534000000,27347000000,19680000000,7667000000,38000000,453000000,38.65063291139241,0.042477238488242614,0.013130321222122111,0.030933509341921336,0.8956245496823213
2018-06-30,2018-07-27,RTX,2048000000,2.59,791000000,16704000000,3684000000,31364000000,28309000000,17241000000,11068000000,1627000000,2102000000,39.65107458912769,0.0652977936487693,0.020163632604436394,0.04801417559798403,0.9025953322280321
2018-09-30,2018-10-26,RTX,1238000000,1.57,791000000,16512000000,2684000000,32106000000,39943000000,26144000000,13799000000,1228000000,1762000000,40.58912768647282,0.038559770759359624,0.010770930667571494,0.027389732585011553,1.2440976764467702
2018-12-31,2019-02-07,RTX,686000000,0.83,823000000,18054000000,2843000000,38446000000,45537000000,39385000000,6152000000,1127000000,2005000000,46.71445929526124,0.017843208656297144,0.00511135450894487,0.012477904501225724,1.1844405139676428
2019-03-31,2019-04-26,RTX,1346000000,1.58,853000000,18369000000,3214000000,39738000000,47206000000,40966000000,6240000000,1050000000,1500000000,46.58616647127784,0.03387186068750315,0.009797641578104527,0.022018095860706792,1.187930947707484
2019-06-30,2019-07-26,RTX,1900000000,2.22,854000000,11345000000,2042000000,40754000000,47509000000,40690000000,6819000000,1562000000,2111000000,47.721311475409834,0.046621190557982035,0.013670048204906828,0.020209688382396285,1.1657506011679835
2019-09-30,2019-10-25,RTX,1148000000,1.34,855000000,11393000000,2433000000,40468000000,46709000000,39368000000,7341000000,1871000000,2490000000,47.330994152046785,0.02836809330829297,0.008258458085447704,0.016740382704818226,1.1542206187605022
2019-12-31,2020-02-06,RTX,1143000000,1.34,856000000,11705000000,1809000000,41774000000,44889000000,39952000000,4937000000,1793000000,2782000000,48.80140186915888,0.02736151673289606,0.008186799412670559,0.014621103548296306,1.0745679130559678
2020-03-31,2020-05-07,RTX,-83000000,-0.0967,1501300000,11389000000,2198000000,39411000000,48445000000,40444000000,8001000000,171000000,661000000,26.25124891760474,-0.002106011012153967,-0.0005946751497435016,0.00800788298818133,1.2292253431783005
2020-06-30,2020-07-29,RTX,-3835000000,-2.55,1501300000,14088000000,-2653000000,67225000000,34473000000,27498000000,6975000000,-465000000,21000000,44.777859188703125,-0.05704722945332837,-0.023743630701412236,-0.03671133709248117,0.5128002975083674
2020-09-30,2020-10-27,RTX,264000000,0.17,1511500000,14784000000,1857000000,68379000000,34432000000,24431000000,10001000000,1171000000,1590000000,45.239166391002314,0.0038608344667222395,0.0016256257735577189,0.004099022379725401,0.503546410447652
2020-12-31,2021-02-08,RTX,135000000,0.0893,1512300000,16408000000,1557000000,72163000000,33339000000,24537000000,8802000000,676000000,1335000000,47.71738411690802,0.0018707647963637874,0.0008325470389076982,0.024276810419519828,0.4619957595997949
2021-03-31,2021-04-27,RTX,753000000,0.5,1511100000,15237000000,2638000000,71710000000,33090000000,24511000000,8579000000,299000000,718000000,47.45549599629409,0.010500627527541486,0.004688433950986252,0.011054134714595121,0.4614419188397713
2021-06-30,2021-07-27,RTX,1032000000,0.69,1506400000,15860000000,2908000000,71115000000,33045000000,24994000000,8051000000,919000000,1307000000,47.208576739245885,0.014511706391056738,0.006497185811959355,0.014059561015621322,0.4646699008647965
2021-09-30,2021-10-26,RTX,1393000000,0.93,1497900000,16221000000,2969000000,71308000000,32789000000,25313000000,7476000000,1418000000,1929000000,47.60531410641565,0.019534975037863913,0.00877358728239236,0.018705241155556832,0.4598221798395692
2021-12-31,2022-02-11,RTX,686000000,0.46,1490500000,17042000000,2331000000,73068000000,33142000000,25310000000,7832000000,2113000000,3117000000,49.02247567930225,0.00938851480812394,0.004250204455899482,0.010729710647181716,0.45357748946187115
2022-03-31,2022-04-26,RTX,1084000000,0.73,1486800000,15716000000,2578000000,72462000000,33099000000,27059000000,6040000000,-13000000,476000000,48.736884584342214,0.014959565013386326,0.006801952737723228,0.014247504807286161,0.456777345367227
2022-06-30,2022-07-26,RTX,1304000000,0.88,1479200000,16314000000,2817000000,70441000000,33006000000,28239000000,4767000000,766000000,1286000000,47.62101135749054,0.018511946167714826,0.008200381091329858,0.01645542252526406,0.46856234295367755
2022-09-30,2022-10-25,RTX,1387000000,0.94,1470100000,16951000000,3010000000,70187000000,34986000000,29605000000,5381000000,185000000,778000000,47.74301067954561,0.019761494293815095,0.008765997787960183,0.01676293654760362,0.49846837733483407
2022-12-31,2023-02-07,RTX,1422000000,0.97,1465500000,18093000000,2669000000,72632000000,33500000000,27280000000,6220000000,3604000000,4628000000,49.561241896963494,0.019578147373058706,0.008951052472555142,0.017667352147938967,0.4612292102654477
2023-03-31,2023-04-25,RTX,1426000000,0.98,1462200000,17214000000,3189000000,72795000000,36110000000,30217000000,5893000000,-1537000000,-863000000,49.78457119409109,0.019589257503949447,0.008822292063649187,0.01706077162901854,0.4960505529225908
2023-06-30,2023-07-25,RTX,1327000000,0.91,1457500000,18315000000,2988000000,72480000000,36923000000,31532000000,5391000000,33000000,719000000,49.72898799313894,0.01830849889624724,0.008183225313114745,0.016157706993878862,0.509423289183223
2023-09-30,2023-10-24,RTX,-984000000,-0.68,1448100000,13464000000,143000000,69596000000,36783000000,31327000000,5456000000,2530000000,3316000000,48.06021683585388,-0.014138743605954365,-0.006057509403298388,-0.006510430661454683,0.5285217541238002
2023-12-31,2024-02-05,RTX,1426000000,1.05,1354900000,19927000000,3019000000,59798000000,45239000000,38652000000,6587000000,3691000000,4711000000,44.13462248136394,0.023846951403056958,0.00880959294244111,0.019713501638509285,0.7565303187397572
2024-03-31,2024-04-23,RTX,1709000000,1.29,1329400000,19305000000,3330000000,60485000000,44254000000,38647000000,5607000000,-288000000,342000000,45.497969008575296,0.028254939241134164,0.01066878086236711,0.02157218988208247,0.7316524758204513
2024-06-30,2024-07-25,RTX,111000000,0.0833,1331800000,19721000000,1988000000,58985000000,43566000000,37555000000,6011000000,2041000000,2733000000,44.28968313560595,0.0018818343646689836,0.0006887180537200082,0.0038795598744600568,0.738594557938459
2024-09-30,2024-10-22,RTX,1472000000,1.1,1333200000,20089000000,3548000000,61114000000,43748000000,37066000000,6682000000,1842000000,2523000000,45.840084008400844,0.02408613411002389,0.008930846610282608,0.020129686634630654,0.7158425238079654
2024-12-31,2025-02-03,RTX,1482000000,1.11,1334400000,21623000000,3661000000,60156000000,42893000000,37315000000,5578000000,492000000,1561000000,45.080935251798564,0.024635946538998605,0.00909978447878866,0.020091590694007344,0.7130294567457943
2025-03-31,2025-04-22,RTX,1535000000,1.15,1337100000,20306000000,3512000000,61516000000,42946000000,37789000000,5157000000,792000000,1305000000,46.00703013985491,0.02495285779309448,0.009310704580745342,0.020559126994923193,0.6981273164705117
2025-06-30,2025-07-22,RTX,1657000000,1.24,1340600000,21581000000,3596000000,62398000000,43595000000,38813000000,4782000000,-72000000,458000000,46.54483067283306,0.02655533831212539,0.009913903996075123,0.02105386126943886,0.6986602134683804
