date,filingDate,symbol,netIncome,eps,weightedAverageShsOut,revenue,ebitda,totalStockholdersEquity,totalDebt,netDebt,cashAndCashEquivalents,freeCashFlow,operatingCashFlow,bookValuePerShare,ROE,ROA,ROIC,debtToEquity
2015-09-30,2015-09-30,RVTY,54863000,0.49,112632000,563436000,103914000,2054324000,1028376000,833310000,195066000,53010000,60725000,18.239257049506357,0.02670610867613872,0.013608018717815732,0.021946226450036417,0.5005909486526955
2015-12-31,2015-12-31,RVTY,68254000,0.61,112034000,608116000,112496000,2110441000,1012885000,774953000,237932000,113421000,125239000,18.83750468607744,0.03234110785376137,0.01638242131198103,0.026727369250289776,0.47993997463089466
2016-03-31,2016-03-31,RVTY,47466000,0.43,110409000,538684000,87826000,2049480000,1120965000,910234000,210731000,24232000,32040000,18.56261717794745,0.023160021078517477,0.011272653780670817,0.016509950937034397,0.5469509338954271
2016-06-30,2016-06-30,RVTY,63857000,0.59,108970000,572667000,100385000,2088203000,1058081000,809998000,248083000,87725000,96237000,19.163099935762137,0.030579881362108954,0.015225813281653107,0.022733168874745902,0.5066945119799177
2016-09-30,2016-09-30,RVTY,57497000,0.5266,109192000,548054000,106854000,2135422000,1133085000,821422000,311663000,64624000,73615000,19.55657923657411,0.02692535714252265,0.013357242884051225,0.02260069579307873,0.5306140893931036
2016-12-31,2016-12-31,RVTY,64849000,0.593,109913559,566770000,105401000,2153570000,1046426000,687161000,359265000,141431000,148722000,19.593306045162272,0.030112325115970225,0.015163387139051457,0.02533409751585894,0.48590294255584915
2017-03-31,2017-03-31,RVTY,38603000,0.3526,109468000,514115000,75594000,2208987000,1054864000,766535000,288329000,47755000,53736000,20.179294405671065,0.01747543104599529,0.008893673794799264,0.015412624610583547,0.47753291440827855
2017-06-30,2017-06-30,RVTY,23692000,0.2156,109894000,546962000,106222000,2438636000,1091620000,475312000,616308000,42626000,48118000,22.190802045607587,0.009715267059126495,0.0051447263731720285,0.024771217064415908,0.44763548147406995
2017-09-30,2017-09-30,RVTY,96684000,0.8789,110003000,554275000,142030000,2536029000,1110563000,401075000,709488000,47615000,58504000,23.054180340536167,0.03812416971572486,0.020401966256273798,0.0363048940482917,0.43791415634442665
2017-12-31,2017-12-31,RVTY,-82761000,-0.7519,110064000,641630000,121812000,2503188000,2006109000,1803975000,202134000,111370000,128098000,22.743022241604884,-0.03306223903278539,-0.0135863913151898,-0.010186825956137369,0.8014216271410697
2018-03-31,2018-03-31,RVTY,26024000,0.236,110296000,643972000,90608000,2555252000,2077449000,1896649000,180800000,-37210000,-14558000,23.167222746065132,0.010184514090978111,0.004247993776225534,0.00946912378528488,0.8130113977016749
2018-06-30,2018-06-30,RVTY,64614000,0.5849,110477000,703362000,131891000,2517177000,2001268000,1837876000,163392000,56030000,72986000,22.78462485404202,0.025669231841860943,0.010845318506329037,0.01824868239539327,0.7950446075107154
2018-09-30,2018-09-30,RVTY,76856000,0.6941,110724000,674313000,139886000,2572469000,1902574000,1753061000,149513000,72357000,93192000,23.233165348072685,0.029876356138791176,0.013110089716504715,0.021170588108239016,0.7395906422973416
2018-12-31,2018-12-31,RVTY,71292000,0.6446,110597000,756349000,142862000,2584955000,1893012000,1729901000,163111000,126609000,159419000,23.37274067108511,0.027579590360373777,0.011930673169641078,0.01990712274581369,0.7323191312808154
2019-03-31,2019-03-31,RVTY,35412000,0.3204,110543000,648737000,103084000,2638472000,2030017000,1895765000,134252000,-30191000,-5316000,23.86828654912568,0.013421404509882993,0.005818124941160737,0.011189837471001034,0.769391147603613
2019-06-30,2019-06-30,RVTY,69087000,0.6233,110845000,722517000,142358000,2706867000,2276682000,2126666000,150016000,30272000,46858000,24.420289593576616,0.02552286462541381,0.010796409229338255,0.017731240731667045,0.8410764178661161
2019-09-30,2019-09-30,RVTY,58558000,0.5278,110946000,706923000,132727000,2706797000,2410791000,2017822000,392969000,90094000,106715000,24.397427577379986,0.021633687343380385,0.00902408214660905,0.01557233888413861,0.8906434431543998
2019-12-31,2019-12-31,RVTY,64501000,0.5804,111140000,805496000,136625000,2813824000,2256987000,2065110000,191877000,191961000,215210000,25.317833363325537,0.022922897807396626,0.009864704237811238,0.016152098126562944,0.8021066704953828
2020-03-31,2020-03-31,RVTY,33715000,0.3034,111121000,652396000,109112000,2759746000,2200006000,2004860000,195146000,39562000,60050000,24.835503640176025,0.012216704001020384,0.005280844108040917,0.009863630537448115,0.7971769865777503
2020-06-30,2020-06-30,RVTY,137162000,1.232,111329000,811718000,235702000,2967463000,2149231000,1930695000,218536000,121946000,138596000,26.654896747478194,0.04622197479800085,0.020666837833081406,0.02998228313096831,0.7242654752561363
2020-09-30,2020-09-30,RVTY,176699000,1.5821,111684000,964025000,308288000,3231681000,2028504000,1770211000,258293000,191181000,211434000,28.935935317502956,0.054677116955541095,0.02573699324090588,0.03715632048955418,0.627693141742641
2020-12-31,2020-12-31,RVTY,380434000,3.394,112090000,1354606000,549481000,3735492000,2219381000,1817345000,402036000,461982000,482097000,33.325827460076724,0.1018430771635972,0.04779132484078834,0.07030795609719452,0.5941335170842288
2021-03-31,2021-03-31,RVTY,379343000,3.3861,112028000,1307689000,564794000,4002305000,2770709000,1782475000,988234000,459189000,473500000,35.72593458778162,0.09478113237247036,0.04329052891651855,0.06750395855201498,0.6922783246154404
2021-06-30,2021-06-30,RVTY,245968000,2.1967,111973000,1228471000,418443000,4239807000,2542526000,1969716000,572810000,267498000,287862000,37.864547703464225,0.058013961484567576,0.02814452744854631,0.041646309558379065,0.5996796552295894
2021-09-30,2021-09-30,RVTY,107631000,0.9399,114508000,861316000,230107000,6958585000,5288567000,4801194000,487373000,289405000,313796000,60.76942222377476,0.015467368725107188,0.007223630252897194,0.01210343583663469,0.7600060931927971
2021-12-31,2021-12-31,RVTY,190184000,1.5065,126241000,1027910000,441482000,7141245000,5160685000,4557365000,603320000,303163000,335592000,56.56834942688984,0.026631770790667454,0.01267846507535655,0.017191464407960013,0.7226590041372338
2022-03-31,2022-03-31,RVTY,176962000,1.4029,126137000,963163000,362622000,7186342000,5047812000,4378057000,669755000,256246000,283215000,56.97251401254192,0.02462476737121612,0.011917863305349973,0.017926034934847332,0.7024174468735276
2022-06-30,2022-07-03,RVTY,179212000,1.4209,126126000,895642000,342172000,7167155000,4671484000,4310624000,360860000,77982000,97485000,56.82535718250004,0.025004621778097445,0.012629718147104799,0.015930490358379533,0.6517905640383109
2022-10-02,2022-10-02,RVTY,69508000,0.551,126155000,711803000,191382000,7065200000,4544658000,4143917000,400741000,146922000,159952000,56.004121913519086,0.009838079601426712,0.005028152969046636,0.008158594052511663,0.6432454849119629
2023-01-01,2023-01-01,RVTY,137658000,1.0899,126300000,741214000,265189000,7382876000,4595461000,4141103000,454358000,113028000,139158000,58.45507521773555,0.01864557931082684,0.00974235050536612,0.010844631741359911,0.6224486230027431
2023-04-02,2023-04-02,RVTY,569475000,4.5094,126285000,674865000,161186000,8033810000,4509799000,2242616000,2267183000,42517000,63463000,63.61650235578256,0.07088479812193717,0.03890346836742745,0.0042849574753710635,0.5613524591694352
2023-06-30,2023-06-30,RVTY,35559000,0.284,125215000,709066000,206491000,7869958000,4506859000,3174956000,1331903000,-149268000,-135319000,62.851559317973084,0.004518321444663364,0.0025008881004665103,0.00723670083112498,0.5726662073673074
2023-09-30,2023-09-30,RVTY,9555000,0.0771,123992000,670739000,184352000,7694281000,4013915000,2877194000,1136721000,-55842000,-33485000,62.05465675204852,0.001241831432982497,0.0007119148998312266,0.004618265938488272,0.5216751246802658
2023-12-31,2023-12-31,RVTY,102720000,0.8322,123426000,695901000,161529000,7872739000,4065295000,3152132000,913163000,172497000,196613000,63.78509390241926,0.01304755562200144,0.007572616057971207,0.010282638467498292,0.5163761938507043
2024-03-31,2024-05-07,RVTY,27723000,0.2246,123428000,649920000,166748000,7846496000,4003635000,3005554000,998081000,129719000,147563000,63.57144246038176,0.0035331694555123714,0.00206384343287521,0.004511577643035603,0.510244955200385
2024-06-30,2024-08-06,RVTY,79109000,0.6413,123354000,691685000,218623000,7870314000,3997148000,2749028000,1248120000,136590000,158621000,63.80266549929471,0.010051568463469183,0.005892729221758844,0.00878717975143047,0.5078765599441141
2024-09-29,2024-11-06,RVTY,93965000,0.7651,122810000,684049000,232410000,7921701000,3315143000,2085365000,1229778000,125566000,147885000,64.50371305268301,0.011861720102791054,0.00735841309809278,0.0115993346653294,0.41848878163919595
2024-12-29,2025-02-25,RVTY,95036000,0.78,121832470,729372000,222372000,7666874000,3325805000,2162409000,1163396000,149776000,174230000,62.92964428940824,0.012395664778109045,0.007668845569062136,0.011158119401188852,0.4337889210126578
2025-03-30,2025-05-06,RVTY,41437000,0.3449,120137000,664762000,172768000,7637130000,3325365000,2187745000,1137620000,112173000,128155000,63.570174051291445,0.005425729298833462,0.0033523117254296753,0.006100482273221887,0.43542076670162744
2025-06-29,2025-08-05,RVTY,55222000,0.0,117538000,720284000,194365000,7556168000,3374859000,2383010000,991849000,115450000,134318000,64.28702206945839,0.007308201723413244,0.004466791433551119,0.0074123335705523555,0.4466363108919759
