date,filingDate,symbol,netIncome,eps,weightedAverageShsOut,revenue,ebitda,totalStockholdersEquity,totalDebt,netDebt,cashAndCashEquivalents,freeCashFlow,operatingCashFlow,bookValuePerShare,ROE,ROA,ROIC,debtToEquity
2015-09-30,2015-11-05,SCHW,376000000,0.28,1316000000,1592000000,0,13196000000,2893000000,-7473000000,10366000000,1012000000,1091000000,10.027355623100304,0.02849348287359806,0.0022065468715155925,-0.006423480350270297,0.21923310093967868
2015-12-31,2016-02-24,SCHW,416000000,0.29,1319000000,1691000000,0,13402000000,2877000000,-9101000000,11978000000,830000000,892000000,10.160727824109173,0.03104014326219967,0.0022645001496965243,-0.008697454531035688,0.21466945232054918
2016-03-31,2016-05-06,SCHW,412000000,0.3,1321000000,1766000000,0,14513000000,3677000000,-6780000000,10457000000,-425000000,-369000000,10.986373959121877,0.02838834148694274,0.0021570906501638763,-0.0045550792035323985,0.25335905739681663
2016-06-30,2016-08-05,SCHW,452000000,0.31,1322000000,1826000000,0,14990000000,7876000000,-5100000000,12976000000,1753000000,1892000000,11.338880484114977,0.030153435623749166,0.0022822289095793024,-0.0036181327940680826,0.5254169446297532
2016-09-30,2016-11-07,SCHW,503000000,0.36,1324000000,1909000000,0,15470000000,5877000000,-4554000000,10431000000,-626000000,-549000000,11.68429003021148,0.032514544279250164,0.002402824154353984,-0.0034820516275880023,0.37989657401422106
2016-12-31,2017-02-23,SCHW,522000000,0.36,1329000000,1972000000,0,16421000000,2876000000,-7952000000,10828000000,1614000000,1688000000,12.355906696764485,0.031788563424882774,0.0023367937578060998,-0.004562900446746387,0.175141586992266
2017-03-31,2017-05-08,SCHW,564000000,0.39,1336000000,2081000000,0,16982000000,4118000000,-5357000000,9475000000,-1657000000,-1577000000,12.711077844311378,0.03321163584972324,0.002483914014295718,-0.0037408640416331843,0.24249205040631255
2017-06-30,2017-08-07,SCHW,575000000,0.4,1338000000,2130000000,0,17489000000,3818000000,-5757000000,9575000000,635000000,719000000,13.07100149476831,0.03287780890845674,0.0026065158362836073,-0.0035585727000930567,0.21830865115215278
2017-09-30,2017-11-07,SCHW,618000000,0.43,1339000000,2165000000,0,18027000000,8268000000,-3985000000,12253000000,3206000000,1319000000,13.463032113517551,0.03428191046763188,0.0026786410881004187,-0.003213488785344646,0.4586453652854052
2017-12-31,2018-02-22,SCHW,597000000,0.41,1343000000,2242000000,0,18525000000,19753000000,5536000000,14217000000,-698000000,-565000000,13.793745346239762,0.03222672064777328,0.0024540230357539237,-0.0017964570898912798,1.066288798920378
2018-03-31,2018-05-09,SCHW,783000000,0.55,1347000000,2398000000,0,19330000000,4128000000,-10017000000,14145000000,126000000,248000000,14.35040831477357,0.0405069839627522,0.003153189432989691,-0.006125299063635855,0.21355406104500776
2018-06-30,2018-08-08,SCHW,866000000,0.6,1350000000,2486000000,0,20097000000,5789000000,-7461000000,13250000000,3001000000,3132000000,14.886666666666667,0.043091008608249985,0.003306832848382096,-0.004544717925207167,0.288052943225357
2018-09-30,2018-11-07,SCHW,923000000,0.66,1351000000,2579000000,0,20834000000,5790000000,-16040000000,21830000000,1128000000,1275000000,15.421169504071058,0.04430258231736584,0.003392110311574336,-0.012319542167660355,0.277911106844581
2018-12-31,2019-02-22,SCHW,935000000,0.66,1343000000,2669000000,0,20670000000,6878000000,-21060000000,27938000000,7631000000,7801000000,15.390915860014893,0.045234639574262214,0.0031536484508334402,0.15850815850815853,0.33275278180938556
2019-03-31,2019-05-08,SCHW,964000000,0.69,1333000000,2723000000,0,21625000000,6829000000,-25729000000,32558000000,-2734000000,-2595000000,16.222805701425358,0.04457803468208092,0.0034085886533599704,0.015424130826362674,0.31579190751445085
2019-06-30,2019-08-07,SCHW,937000000,0.67,1328000000,2681000000,0,21320000000,7424000000,-16775000000,24199000000,2043000000,2214000000,16.05421686746988,0.04394934333958724,0.0033909836747840374,-0.014010915654672263,0.3482176360225141
2019-09-30,2019-11-07,SCHW,951000000,0.7,1300000000,2711000000,0,21354000000,7427000000,-12825000000,20252000000,5197000000,5402000000,16.426153846153845,0.04453498173644282,0.0034087609816944877,-0.007938649063674249,0.34780369017514284
2019-12-31,2020-02-26,SCHW,852000000,0.62,1284000000,2606000000,0,21745000000,7430000000,-21915000000,29345000000,4111000000,4304000000,16.935358255451714,0.039181421016325595,0.0028979098994915053,0.42365636902242915,0.34168774430903653
2020-03-31,2020-05-08,SCHW,795000000,0.59,1287000000,2617000000,0,26270000000,8522000000,-59936000000,68458000000,9962000000,10118000000,20.41181041181041,0.030262657023220403,0.002144134376542361,0.0021652106816379413,0.324400456794823
2020-06-30,2020-08-07,SCHW,671000000,0.48,1288000000,2450000000,0,30815000000,8526000000,-25048000000,33574000000,-16622000000,-16443000000,23.924689440993788,0.021775109524582184,0.0016754726780595479,-0.014281903717485478,0.2766834333928282
2020-09-30,2020-11-09,SCHW,698000000,0.48,1289000000,2448000000,0,31331000000,7836000000,-19629000000,27465000000,-210000000,-80000000,24.30643910007758,0.02227825476365261,0.0016644608982842699,-0.008185654284241645,0.2501037311289139
2020-12-31,2021-02-24,SCHW,1135000000,0.57,1429000000,4176000000,0,56060000000,13632000000,-26716000000,40348000000,13091000000,13257000000,39.230230930720786,0.020246164823403495,0.002067361372946527,-0.007258885719309756,0.24316803424901892
2021-03-31,2021-05-07,SCHW,1484000000,0.74,1882000000,4715000000,0,55594000000,20198000000,-27984000000,48182000000,-4928000000,-4742000000,29.539851222104144,0.02669352807856963,0.0026337413502716266,-0.007760645728773219,0.363312587689319
2021-06-30,2021-08-06,SCHW,1265000000,0.59,1886000000,4527000000,0,57450000000,22208000000,-8129000000,30337000000,-833000000,-594000000,30.461293743372217,0.022019147084421237,0.002201792067282588,-0.004312018526305083,0.386562228024369
2021-09-30,2021-11-08,SCHW,1526000000,0.74,1888000000,4570000000,0,57442000000,22530000000,-11793000000,34323000000,1637000000,1815000000,30.42478813559322,0.026565927370216916,0.0025117356982493565,-0.004870559073990073,0.3922217192994673
2021-12-31,2022-02-24,SCHW,1580000000,0.77,1892000000,4708000000,0,56261000000,23769000000,-39206000000,62975000000,5326000000,5639000000,29.736257928118395,0.02808339702458186,0.0023678570893341526,-0.013692434395249123,0.42247738220081404
2022-03-31,2022-05-09,SCHW,1402000000,0.67,1894000000,4672000000,0,48098000000,26107000000,-65019000000,91126000000,2757000000,3053000000,25.39493136219641,0.029148821156804856,0.002058888317791321,0.013696633741052806,0.542787641897792
2022-06-30,2022-08-08,SCHW,1793000000,0.87,1896000000,5093000000,0,44513000000,22462000000,-42088000000,64550000000,-8184000000,-7943000000,23.477320675105485,0.04028036753308022,0.002812297567119489,-0.10177062082347288,0.5046166288499989
2022-09-30,2022-11-08,SCHW,2020000000,1.0,1887000000,5500000000,0,37041000000,21344000000,-25142000000,46486000000,8822000000,9054000000,19.629570747217805,0.05453416484436165,0.003497453957403781,-0.020229410010911476,0.5762263437812154
2022-12-31,2023-02-24,SCHW,1968000000,0.98,1864000000,5497000000,0,36608000000,37878000000,-2317000000,40195000000,-2309000000,-2107000000,19.63948497854077,0.053758741258741256,0.003566690589591353,-0.00689223998675108,1.0346918706293706
2023-03-31,2023-05-08,SCHW,1603000000,0.84,1834000000,5116000000,0,36347000000,72687000000,23525000000,49162000000,9618000000,9777000000,19.818429661941114,0.04410267697471593,0.0029931733986615677,-0.003958967123544446,1.9998074118909401
2023-06-30,2023-08-08,SCHW,1294000000,0.64,1820000000,4656000000,0,37147000000,71313000000,23662000000,47651000000,-5455000000,-5216000000,20.41043956043956,0.034834576143430156,0.0025297895426242166,-0.004089838587671323,1.9197512585134735
2023-09-30,2023-11-08,SCHW,1125000000,0.56,1821000000,4606000000,0,37784000000,64153000000,30902000000,33251000000,-5250000000,-5011000000,20.749038989566174,0.029774507728138895,0.002367404314778495,-0.003943722519083512,1.697887994918484
2023-12-31,2024-02-23,SCHW,1045000000,0.51,1823000000,4459000000,0,40958000000,59081000000,15744000000,43337000000,19974000000,20037000000,22.467361492046077,0.02551394111040578,0.002118910413684309,-0.005680170927415226,1.4424776600419942
2024-03-31,2024-05-09,SCHW,1362000000,0.69,1825000000,6448000000,2156000000,42412000000,55270000000,23518000000,31752000000,-1498000000,-1349000000,23.23945205479452,0.0321135527680845,0.002905389262432165,0.020658273926892158,1.3031689144581722
2024-06-30,2024-08-08,SCHW,1332000000,0.66,1828000000,6349000000,2109000000,43953000000,56845000000,31495000000,25350000000,-4341000000,-4252000000,24.044310722100658,0.030305098628079993,0.0029621393228442764,0.017654543526667375,1.2933133119468523
2024-09-30,2024-11-08,SCHW,1408000000,0.71,1829000000,6553000000,2203000000,47215000000,55635000000,20785000000,34850000000,18970000000,19098000000,25.81465281574631,0.02982103145186911,0.0030211026595573483,0.020705882352941178,1.1783331568357513
2024-12-31,2025-02-26,SCHW,1840000000,0.94,1831000000,6651000000,2659000000,48375000000,45134000000,3051000000,42083000000,-11081000000,-10827000000,26.4199890770071,0.03803617571059432,0.003834587563015403,0.035779566756115586,0.9330025839793281
2025-03-31,2025-05-09,SCHW,1909000000,0.99,1817000000,6650000000,2802000000,49511000000,39880000000,4871000000,35009000000,6242000000,6359000000,27.248761695101816,0.03855708832380683,0.004123974137130241,0.03510352690228384,0.8054775706408677
2025-06-30,2025-08-08,SCHW,2126000000,1.09,1817000000,6816000000,3146000000,49451000000,37671000000,5476000000,32195000000,3049000000,3177000000,27.21574023115025,0.04299205273907505,0.00463245419840675,0.03870591876490615,0.7617843926310893
