date,filingDate,symbol,netIncome,eps,weightedAverageShsOut,revenue,ebitda,totalStockholdersEquity,totalDebt,netDebt,cashAndCashEquivalents,freeCashFlow,operatingCashFlow,bookValuePerShare,ROE,ROA,ROIC,debtToEquity
2015-09-30,2015-10-29,SHW,372822000,1.35,276589374,3152285000,616389000,976165000,1960138000,1869109000,91029000,483036000,553484000,3.5292932113870723,0.3819251868280465,0.061098098122540676,0.1356879376948244,2.007998647769588
2015-12-31,2016-02-24,SHW,197238000,0.72,274775832,2604596000,368402000,867910000,1949894000,1744150000,205744000,468609000,544959000,3.1586111255956455,0.22725628233342166,0.0341304983944279,0.08079769331995722,2.2466546070445093
2016-03-31,2016-04-27,SHW,164876000,0.54,274427580,2574024000,290774000,1000823000,2039628000,1969080000,70548000,-114058000,-62059000,3.6469475844956984,0.16474041863546302,0.027304995487975194,0.05543135119708204,2.0379507665191547
2016-06-30,2016-07-27,SHW,378064000,1.37,275366202,3219525000,629505000,1246629000,1970599000,1567943000,402656000,509960000,572042000,4.5271677894587805,0.3032690559901944,0.05671801979003783,0.14450693132547968,1.5807421454177626
2016-09-30,2016-10-26,SHW,386733000,1.4,275978562,3279462000,629492000,1597783000,1961717000,1259148000,702569000,397531000,456551000,5.789518535138972,0.24204350653374082,0.055904278993912926,0.14651192648957212,1.2277743598473636
2016-12-31,2017-02-22,SHW,203030000,0.73,276290895,2782591000,396638000,1878441000,1952540000,1062747000,889793000,276113000,342038000,6.798779959795635,0.10808431034033009,0.030067288942899992,0.0788787630121721,1.0394470733975674
2017-03-31,2017-04-21,SHW,239152000,0.86,277651677,2761387000,383065000,2065350000,1954207000,936399000,1017808000,190337000,231816000,7.438636864419155,0.11579248069334495,0.034218818031957234,0.08634769542039976,0.9461868448446994
2017-06-30,2017-07-26,SHW,319111000,1.15,278523444,3735817000,645020000,2391260000,11504289000,11294240000,210049000,312161000,354317000,8.585489126725003,0.13344889305219843,0.015403044339834568,0.029289831585626203,4.810973712603397
2017-09-30,2017-10-25,SHW,316606000,1.13,278964354,4507020000,670275000,2740989000,10949380000,10741443000,207937000,612928000,672699000,9.825588684352123,0.11550794257109387,0.015236343891528142,0.02851150749744591,3.994682211420768
2017-12-31,2018-02-23,SHW,897393000,3.21,279764178,3979564000,585091000,3647900000,10520600000,10316400000,204200000,545775000,625136000,13.039196176145182,0.24600263165108693,0.045096258699967334,0.08444181177213081,2.8840154609501356
2018-03-31,2018-04-25,SHW,250127000,0.89,280018692,3965006000,551773000,3690046000,10812206000,10653593000,158613000,-1504000,40749000,13.177855998270287,0.06778424984403988,0.012280580130703114,0.022696703782903553,2.9301006003719197
2018-06-30,2018-07-25,SHW,403604000,1.45,278779263,4773796000,778028000,3747089000,10374815000,10219842000,154973000,478774000,538347000,13.441060714763422,0.10771134606090221,0.020025272476954792,0.03391876957032593,2.7687666345795363
2018-09-30,2018-10-25,SHW,354027000,1.27,279299142,4731470000,655692000,3974839000,9671526000,9490015000,181511000,787761000,852119000,14.231475870412806,0.08906700372015068,0.017718451849725356,0.03212581769608785,2.4331868536058945
2018-12-31,2019-02-22,SHW,100988000,0.36,277812384,4064221000,337172000,3730700000,9343700000,9188200000,155500000,427712000,512485000,13.428847002011256,0.027069450773313318,0.005277851815849025,0.01466675435828099,2.504543383279277
2019-03-31,2019-04-25,SHW,245200000,0.89,275858484,4040861000,533400000,3460061000,11559253000,11464860000,94393000,-87400000,-36000000,12.54288412605066,0.07086580265492429,0.011697557457452878,0.021437202771406417,3.3407656685821436
2019-06-30,2019-07-24,SHW,471000000,1.71,275325885,4877860000,907400000,3747482000,11179987000,11034410000,145577000,717500000,794000000,13.61107765076284,0.1256843928803394,0.022231519707038603,0.03604150737839405,2.98333307538235
2019-09-30,2019-10-22,SHW,576500000,2.09,275470719,4867650000,937300000,4022860000,10624923000,10435278000,189645000,806500000,903400000,14.603584782453774,0.14330600617471154,0.027630877738326624,0.0446249716072105,2.641136654022263
2019-12-31,2020-02-21,SHW,248622000,0.9,274987242,4114399999,526781000,4123300000,10427500000,10265700000,161800000,555818000,659893000,14.994513818208338,0.06029684961074867,0.012130150954811136,0.02214755200198463,2.5289210098707344
2020-03-31,2020-04-29,SHW,321700000,1.18,273200000,4146700000,622500000,3289100000,11515000000,11276500000,238500000,-51700000,54900000,12.039165446559297,0.09780791097868718,0.015639052420236943,0.02690552087143655,3.500957708795719
2020-06-30,2020-07-28,SHW,595900000,2.2,271400000,4604000000,979000000,3869900000,10609700000,10421600000,188100000,984000000,1019700000,14.259027266028003,0.15398330706219798,0.02907609358608407,0.04661105495517558,2.7415953900617587
2020-09-30,2020-10-27,SHW,705800000,2.6,271611942,5122200000,1105000000,4207300000,10092000000,9472100000,619900000,1437700000,1489200000,15.490114201237882,0.16775604306800085,0.03391687530334411,0.05650438739625849,2.3986879946759205
2020-12-31,2021-02-19,SHW,407000000,1.51,268861485,4488800000,736500000,3610800000,10113500000,9886900000,226600000,734800000,844800000,13.429963759963611,0.112717403345519,0.01994941573209944,0.03526360601551804,2.800902847014512
2021-03-31,2021-04-28,SHW,409600000,1.54,265800000,4656000000,736800000,3078700000,10897700000,10583000000,314700000,131400000,195700000,11.582768999247554,0.1330431675707279,0.020044042084658674,0.034882357146237615,3.5397083184460976
2021-06-30,2021-07-27,SHW,648600000,2.47,262800000,5379800000,1051500000,2840400000,10875500000,10655900000,219600000,918500000,1005600000,10.808219178082192,0.22834811998310098,0.03160880329051249,0.05295606661930029,3.8288621320940712
2021-09-30,2021-10-26,SHW,502200000,1.92,261600000,5146700000,834200000,2690300000,10809100000,10495800000,313300000,752700000,849400000,10.28402140672783,0.18667063152808236,0.024218049246260236,0.043261209865789255,4.017804705794893
2021-12-31,2022-02-17,SHW,304000000,1.17,259900000,4762100000,533400000,2437200000,11495400000,11329700000,165700000,70000000,193900000,9.377452866487111,0.12473330050878056,0.014709653694106945,0.02815109091226715,4.716642048252092
2022-03-31,2022-04-26,SHW,370800000,1.43,258800000,4998700000,693000000,2234300000,12489900000,12088800000,401100000,-80000000,26300000,8.633307573415765,0.1659580181712393,0.0170636527629496,0.030851428370185542,5.59007295349774
2022-06-30,2022-07-27,SHW,577900000,2.24,258100000,5872300000,976100000,2224600000,12507400000,12194800000,312600000,483900000,613400000,8.619139868268114,0.25977703856873147,0.026205289124283538,0.045110038125098555,5.62231412388744
2022-09-30,2022-10-25,SHW,685100000,2.66,257700000,6047400000,1124200000,2597800000,12445200000,12314700000,130500000,464300000,639200000,10.08071400853706,0.2637231503579952,0.03079682456913215,0.051241440703847375,4.790669027638772
2022-12-31,2023-02-22,SHW,386300000,1.5,257500000,5230500000,751700000,3102100000,12507900000,12309100000,198800000,407200000,641000000,12.046990291262135,0.12452854517907225,0.017097459502522793,0.030551471353318798,4.032075045936623
2023-03-31,2023-04-25,SHW,477400000,1.86,256700000,5442400000,878200000,3166800000,13000100000,12848700000,151400000,-121700000,88200000,12.336579664978574,0.15075154730327145,0.020639950886082517,0.03510804137834349,4.105121889604648
2023-06-30,2023-07-25,SHW,793700000,3.1,256000000,6240600000,1282500000,3631100000,12340700000,12131300000,209400000,1000300000,1206400000,14.183984375,0.21858390019553303,0.03426126970012216,0.055911306265295835,3.3986119908567654
2023-09-30,2023-10-24,SHW,761500000,2.99,255100000,6116700000,1266300000,3780000000,11880000000,11376600000,503400000,1155800000,1308700000,14.817718541748334,0.20145502645502644,0.03310221913103958,0.05531614660486641,3.142857142857143
2023-12-31,2024-02-20,SHW,356200000,1.4,254000000,5252200000,722900000,3715800000,11809700000,11532900000,276800000,599100000,918600000,14.629133858267716,0.09586091824102481,0.015517722092496428,0.028021385733954383,3.1782388718445556
2024-03-31,2024-04-30,SHW,505200000,2.0,252500000,5367300000,896200000,3503700000,12684000000,12504100000,179900000,-342700000,-58900000,13.876039603960397,0.1441904272626081,0.021563848540854785,0.036638740176663874,3.6201729600137
2024-06-30,2024-07-23,SHW,889900000,3.55,251000000,6271500000,1437500000,3751800000,12299500000,12099500000,200000000,952000000,1202900000,14.947410358565737,0.23719281411589105,0.0374947332940086,0.061441654663180176,3.2782930859853936
2024-09-30,2024-10-22,SHW,806200000,3.22,250600000,6162500000,1281800000,4156100000,12099000000,11860800000,238200000,839400000,1074700000,16.584596967278532,0.1939799331103679,0.03363609434127577,0.05542288556460771,2.9111426577801303
2024-12-31,2025-02-20,SHW,480100000,1.92,252684210,5297200000,876000000,4051200000,11913300000,11702900000,210400000,634500000,934500000,16.032659895923057,0.11850809636650869,0.02031515787513858,0.035350741683635035,2.940684241706161
2025-03-31,2025-04-29,SHW,503900000,2.02,249400000,5305700000,917700000,4130100000,12819900000,12620100000,199800000,-250400000,-61100000,16.560144346431436,0.12200673107188688,0.020453724412549064,0.034865211456047526,3.104016851892206
2025-06-30,2025-07-24,SHW,754700000,3.04,248900000,6314500000,1260800000,4400900000,12770200000,12500400000,269800000,931100000,1112600000,17.68139815186822,0.17148765025335727,0.029755239792458484,0.049745222118599226,2.9017246472312483
