date,filingDate,symbol,netIncome,eps,weightedAverageShsOut,revenue,ebitda,totalStockholdersEquity,totalDebt,netDebt,cashAndCashEquivalents,freeCashFlow,operatingCashFlow,bookValuePerShare,ROE,ROA,ROIC,debtToEquity
2015-09-30,2015-10-21,SLB,989000000,0.78,1265000000,8472000000,2305000000,37941000000,12248000000,9076000000,3172000000,1838000000,2543000000,29.992885375494073,0.026066787907540655,0.01561365286855483,0.022796885832043805,0.32281700535041247
2015-12-31,2016-01-27,SLB,-1016000000,-0.81,1259000000,7744000000,-48000000,35633000000,18999000000,16206000000,2793000000,1401000000,2178000000,28.30262112787927,-0.028512895349816183,-0.014940077935445923,0.01807417906250222,0.5331855302668874
2016-03-31,2016-04-27,SLB,501000000,0.4,1254000000,6520000000,1677000000,35359000000,21487000000,19407000000,2080000000,494000000,1210000000,28.196969696969695,0.014168952741876184,0.007246062394237862,0.011591702693470603,0.6076812127039792
2016-06-30,2016-07-27,SLB,-2160000000,-1.56,1384615384,7164000000,489000000,42610000000,21623000000,18676000000,2947000000,1017000000,1632000000,30.773888902566174,-0.05069232574513025,-0.026610488967734783,-0.032940812914895846,0.5074630368458108
2016-09-30,2016-10-26,SLB,176000000,0.13,1392000000,7019000000,1530000000,42234000000,21277000000,17836000000,3441000000,839000000,1406000000,30.34051724137931,0.00416725860680968,0.002183785393453607,0.005519394040286333,0.5037884169152815
2016-12-31,2017-01-25,SLB,-204000000,-0.15,1391000000,7107000000,1570000000,41078000000,19616000000,16687000000,2929000000,1226000000,2013000000,29.531272465851906,-0.004966161935829398,-0.0026168607932679972,-0.0011825475487739908,0.4775305516334778
2017-03-31,2017-04-26,SLB,279000000,0.2,1393000000,6894000000,1498000000,40606000000,18987000000,17085000000,1902000000,159000000,656000000,29.150035893754488,0.00687090577747131,0.003662618969478175,0.006971479377484653,0.46759099640447227
2017-06-30,2017-07-26,SLB,-74000000,-0.0534,1387000000,7462000000,1674000000,39520000000,18824000000,16921000000,1903000000,281000000,858000000,28.493150684931507,-0.0018724696356275303,-0.0009884854799497743,-0.013422657913469246,0.4763157894736842
2017-09-30,2017-10-25,SLB,545000000,0.39,1385000000,7905000000,1760000000,39573000000,17160000000,15470000000,1690000000,1267000000,1898000000,28.572563176895308,0.013772016273721982,0.007408011526594082,0.012219907782047986,0.4336289894625123
2017-12-31,2018-01-24,SLB,-2255000000,-1.63,1385000000,8179000000,-1154000000,36842000000,18199000000,16400000000,1799000000,1573000000,2251000000,26.60072202166065,-0.06120731773519353,-0.03132510036534374,-0.039776714909350135,0.49397426849791
2018-03-31,2018-04-25,SLB,525000000,0.38,1385000000,7829000000,1618000000,36924000000,18112000000,16247000000,1865000000,88000000,568000000,26.659927797833934,0.014218394540136497,0.007344917317216486,0.012184637534820093,0.49052107030657566
2018-06-30,2018-07-25,SLB,430000000,0.31,1384000000,8303000000,1711000000,36484000000,17601000000,16140000000,1461000000,446000000,987000000,26.36127167630058,0.011785988378467274,0.006129197787787217,0.010586330647335338,0.48243065453349415
2018-09-30,2018-10-24,SLB,644000000,0.46,1385000000,8504000000,1785000000,36533000000,17374000000,15881000000,1493000000,1246000000,1827000000,26.377617328519854,0.017627898064763364,0.009193958256003198,0.014898780886742336,0.4755700325732899
2018-12-31,2019-01-23,SLB,538000000,0.39,1384000000,8180000000,1634000000,36162000000,16051000000,14618000000,1433000000,1673000000,2331000000,26.128612716763005,0.014877495713732647,0.00763044804062008,0.013139833413563229,0.4438637243515292
2019-03-31,2019-04-24,SLB,421000000,0.3,1385000000,7879000000,1545000000,36103000000,16548000000,15318000000,1230000000,-132000000,326000000,26.067148014440434,0.0116610807966097,0.005986831814109583,0.010777399813985932,0.4583552613356231
2019-06-30,2019-07-24,SLB,492000000,0.36,1384000000,8269000000,1662000000,35852000000,17076000000,15610000000,1466000000,640000000,1108000000,25.904624277456648,0.013723083788909964,0.006969727019025088,0.012124599804580838,0.4762914202833873
2019-09-30,2019-10-23,SLB,-11383000000,-8.22,1384793187,8541000000,-10913000000,23913000000,16673000000,15490000000,1183000000,1260000000,1745000000,17.268282530913403,-0.47601722912223476,-0.19629246421796862,-0.28482330636728787,0.6972358131560239
2019-12-31,2020-01-22,SLB,333000000,0.24,1384000000,8228000000,1451000000,23760000000,15294000000,14157000000,1137000000,1708000000,2252000000,17.167630057803468,0.014015151515151515,0.005913482028697258,0.011988049818175283,0.6436868686868686
2020-03-31,2020-04-22,SLB,-7376000000,-5.32,1386466165,7455000000,-7161000000,15561000000,16642000000,15267000000,1375000000,342000000,784000000,11.223497834150175,-0.4740055266371056,-0.1517882866197473,-0.23498514795573439,1.0694685431527537
2020-06-30,2020-07-29,SLB,-3434000000,-2.47,1388000000,5356000000,-2879000000,12040000000,17366000000,15904000000,1462000000,526000000,803000000,8.67435158501441,-0.2852159468438538,-0.07688002328340833,-0.11780349071059525,1.442358803986711
2020-09-30,2020-10-21,SLB,-82000000,-0.06,1366666666,5258000000,671000000,11941000000,17763000000,16544000000,1219000000,254000000,479000000,8.737317077432838,-0.0068670965580772125,-0.0018608450959923752,0.003986503617888557,1.487563855623482
2020-12-31,2021-01-27,SLB,374000000,0.27,1392000000,5532000000,1043000000,12071000000,16886000000,16042000000,844000000,605000000,878000000,8.67169540229885,0.030983348521249274,0.00881368713767262,0.017742318817529166,1.3988899014166183
2021-03-31,2021-04-28,SLB,299000000,0.21,1398000000,5223000000,1054000000,12543000000,16583000000,15315000000,1268000000,244000000,429000000,8.972103004291846,0.023837997289324724,0.0071129508040727,0.015145647969699777,1.3220920035079327
2021-06-30,2021-07-28,SLB,431000000,0.31,1398000000,5634000000,1204000000,12762000000,15723000000,14284000000,1439000000,972000000,1220000000,9.128755364806867,0.03377213602883561,0.010535836511195855,0.02048948722867396,1.2320169252468265
2021-09-30,2021-10-27,SLB,550000000,0.39,1402000000,5847000000,1351000000,13362000000,15395000000,13826000000,1569000000,788000000,1070000000,9.530670470756062,0.04116150276904655,0.013402212583459232,0.024559762575086866,1.1521478820535849
2021-12-31,2022-01-26,SLB,601000000,0.43,1403000000,6225000000,1425000000,15004000000,14195000000,12438000000,1757000000,1467000000,1932000000,10.694226657163222,0.04005598507064783,0.014478090144780902,0.026299961554316194,0.9460810450546521
2022-03-31,2022-04-27,SLB,510000000,0.36,1412000000,5962000000,1294000000,15347000000,14086000000,12486000000,1600000000,-213000000,131000000,10.868980169971671,0.03323125040724571,0.012152405461433985,0.022284726177525225,0.9178341043852218
2022-06-30,2022-07-27,SLB,959000000,0.68,1414000000,6773000000,1808000000,16325000000,13847000000,11954000000,1893000000,88000000,408000000,11.545261669024045,0.05874425727411945,0.022392415999252808,0.03799320068680725,0.848208269525268
2022-09-30,2022-10-26,SLB,907000000,0.64,1418000000,7477000000,1789000000,17199000000,13351000000,11171000000,2180000000,1185000000,1567000000,12.129055007052186,0.05273562416419559,0.020570158528564624,0.03587837463997727,0.7762660619803476
2022-12-31,2023-01-25,SLB,1064000000,0.75,1420000000,7879000000,1539000000,17685000000,12226000000,10571000000,1655000000,1022000000,1614000000,12.454225352112676,0.0601639807746678,0.024666743943433406,0.04177113101468723,0.6913203279615493
2023-03-31,2023-04-26,SLB,934000000,0.65,1426000000,7736000000,1841000000,18068000000,12838000000,11337000000,1501000000,-132000000,330000000,12.670406732117812,0.05169360194819571,0.021297457530498234,0.035338608500110065,0.7105379676776622
2023-06-30,2023-07-26,SLB,1033000000,0.73,1423000000,8099000000,1899000000,18608000000,13335000000,11405000000,1930000000,1137000000,1608000000,13.07659873506676,0.05551375752364574,0.023044661580332842,0.03609897428051866,0.7166272570937231
2023-09-30,2023-10-25,SLB,1123000000,0.79,1424000000,8310000000,2103000000,19386000000,13145000000,10657000000,2488000000,1092000000,1677000000,13.61376404494382,0.057928401939544,0.02451269290376094,0.04130910569402494,0.6780666460332199
2023-12-31,2024-01-24,SLB,1112000000,0.78,1429000000,8990000000,1619000000,20189000000,11965000000,9065000000,2900000000,2396000000,3022000000,14.128061581525543,0.055079498736935954,0.023187438747211044,0.04280252786063075,0.5926494625786319
2024-03-31,2024-04-24,SLB,1068000000,0.75,1431000000,8710000000,2070000000,20736000000,12170000000,9382000000,2788000000,-101000000,327000000,14.49056603773585,0.05150462962962963,0.022316950852557672,0.03949241556045117,0.5869020061728395
2024-06-30,2024-07-24,SLB,1112000000,0.78,1428000000,9139000000,2184000000,21071000000,13189000000,10236000000,2953000000,911000000,1436000000,14.755602240896359,0.05277395472450287,0.022522431288355984,0.03997066844797117,0.6259313748754212
2024-09-30,2024-10-23,SLB,1186000000,0.84,1417000000,9159000000,2283000000,21511000000,12923000000,9837000000,3086000000,1848000000,2449000000,15.180663373323924,0.05513458230672679,0.02382722250125565,0.04236056668556815,0.6007624006322346
2024-12-31,2025-01-22,SLB,1095000000,0.77,1421000000,9284000000,1532000000,21130000000,12074000000,8530000000,3544000000,1724000000,2390000000,14.869809992962702,0.051822053951727405,0.02237662204965771,0.04125399079497949,0.5714150496923806
2025-03-31,2025-04-25,SLB,797000000,0.58,1366000000,8490000000,1850000000,19515000000,14002000000,11066000000,2936000000,262000000,660000000,14.28623718887262,0.04084037919549065,0.016264642259499612,0.030857089032371905,0.7174993594670767
2025-06-30,2025-07-24,SLB,1014000000,0.75,1352000000,8546000000,2060000000,20302000000,13698000000,10462000000,3236000000,822000000,1142000000,15.016272189349113,0.04994581814599547,0.020791896491623777,0.037830259937963774,0.6747118510491578
