date,filingDate,symbol,netIncome,eps,weightedAverageShsOut,revenue,ebitda,totalStockholdersEquity,totalDebt,netDebt,cashAndCashEquivalents,freeCashFlow,operatingCashFlow,bookValuePerShare,ROE,ROA,ROIC,debtToEquity
2015-09-30,2015-11-05,SO,970000000,1.06,908938919,5401000000,2304000000,21391000000,27129000000,26020000000,1109000000,1010000000,2981000000,23.53403463406984,0.04534617362442148,0.012896363757229277,0.023493500245429427,1.2682436538731243
2015-12-31,2016-02-26,SO,297000000,0.3,911600000,3568000000,1251000000,21319000000,28738000000,27334000000,1404000000,-1589000000,1186000000,23.38635366388767,0.013931235048548244,0.0037922316708802572,0.009458226303359492,1.3479994371218162
2016-03-31,2016-05-05,SO,500000000,0.53,918258425,3992000000,1603000000,21524000000,29678000000,28924000000,754000000,-1121000000,865000000,23.440024522508466,0.023229882921390076,0.006350415952244872,0.013333567447370723,1.3788329306820293
2016-06-30,2016-08-08,SO,635000000,0.68,941598673,4459000000,1868000000,22742000000,39464000000,37567000000,1897000000,-250000000,1250000000,24.152540410387772,0.02792190660452027,0.006987774146336096,0.014189899258174293,1.7352915310878552
2016-09-30,2016-11-04,SO,1150000000,1.17,979999480,6264000000,2793000000,25274000000,45474000000,42805000000,2669000000,381000000,2147000000,25.789809602756115,0.04550130568964153,0.010812132152460465,0.021289968308512864,1.7992403260267469
2016-12-31,2017-02-22,SO,233000000,0.2,990200000,5181000000,1457000000,25485000000,47457000000,45482000000,1975000000,-1426000000,632000000,25.737224803070088,0.00914263292132627,0.002124032562421944,0.008719357037477433,1.8621542083578575
2017-03-31,2017-05-03,SO,669000000,0.66,993000000,5771000000,2219000000,25821000000,48873000000,47779000000,1094000000,-591000000,897000000,26.003021148036254,0.02590914372022772,0.006095116618075802,0.012870729813664598,1.8927617055884745
2017-06-30,2017-08-02,SO,-1370000000,-1.38,998000000,5430000000,-651000000,23952000000,50190000000,48757000000,1433000000,-65000000,1845000000,24.0,-0.05719772879091516,-0.01260535129365868,-0.014477221381200191,2.095440881763527
2017-09-30,2017-11-01,SO,1079000000,1.07,1003000000,6201000000,2987000000,24905000000,50126000000,48285000000,1841000000,667000000,2511000000,24.83050847457627,0.043324633607709294,0.009781081448579068,0.01878212761241855,2.012688215217828
2017-12-31,2018-02-21,SO,501000000,0.49,1007603100,5628000000,1663000000,24491000000,50793000000,48663000000,2130000000,-1039000000,1142000000,24.306197549412065,0.0204564942223674,0.004513310211251746,0.01621093941176689,2.073945531011392
2018-03-31,2018-05-02,SO,942000000,0.93,1011624620,6372000000,2380000000,25000000000,51952000000,49668000000,2284000000,-272000000,1509000000,24.712723974630038,0.03768,0.00844335690661217,0.018008564432383058,2.07808
2018-06-30,2018-08-08,SO,-150000000,-0.15,1014000000,5627000000,1081000000,23960000000,49701000000,47721000000,1980000000,-298000000,1749000000,23.629191321499015,-0.006260434056761269,-0.0013300584339005293,0.0013587770293467096,2.0743322203672787
2018-09-30,2018-11-07,SO,1168000000,1.14,1023000000,6159000000,3200000000,25201000000,47002000000,45155000000,1847000000,361000000,2326000000,24.634408602150536,0.04634736716796953,0.010454988945281381,0.021680417099810317,1.8650847188603628
2018-12-31,2019-02-20,SO,282000000,0.27,1033788000,5337000000,1478000000,25014000000,46849000000,45453000000,1396000000,-847000000,1361000000,24.19645033604569,0.01127368673542816,0.002412029354910447,0.01832347056068798,1.8729111697449428
2019-03-31,2019-05-01,SO,2088000000,2.01,1038000000,5412000000,4700000000,26728000000,45969000000,44608000000,1361000000,-934000000,744000000,25.7495183044316,0.07812032325651003,0.018300378628523347,0.03249349325781493,1.7198817719245736
2019-06-30,2019-07-31,SO,902000000,0.86,1045231646,5098000000,2277000000,27189000000,46158000000,44775000000,1383000000,-37000000,1769000000,26.012415624851833,0.03317518113943139,0.00785255991712154,0.018095001135429344,1.6976718525874435
2019-09-30,2019-10-30,SO,1320000000,1.26,1048000000,5995000000,3037000000,27804000000,47783000000,44852000000,2931000000,435000000,2368000000,26.53053435114504,0.047475183426845056,0.01122534887874072,0.023204742692230912,1.7185656740037405
2019-12-31,2020-02-20,SO,445000000,0.42,1053000000,4914000000,1594000000,27796000000,48686000000,46711000000,1975000000,-1238000000,900000000,26.39696106362773,0.016009497769463234,0.0037489469250210614,0.012732170412115941,1.7515469851777234
2020-03-31,2020-04-30,SO,872000000,0.82,1057000000,5018000000,2391000000,28016000000,49594000000,47430000000,2164000000,-666000000,894000000,26.505203405865657,0.03112507138777841,0.007336855921650456,0.01630227151168502,1.770202741290691
2020-06-30,2020-07-30,SO,616000000,0.58,1058000000,4620000000,2037000000,27961000000,49765000000,47886000000,1879000000,311000000,1953000000,26.428166351606805,0.02203068559779693,0.005144866408866543,0.01399466919088963,1.77980043632202
2020-09-30,2020-10-29,SO,1255000000,1.18,1058000000,5620000000,3006000000,28580000000,51935000000,48556000000,3379000000,210000000,2373000000,27.013232514177695,0.04391182645206438,0.010190162230630573,0.021308341480325607,1.817179846046186
2020-12-31,2021-02-18,SO,391000000,0.37,1058000000,5117000000,1787000000,28263000000,51041000000,49976000000,1065000000,-600000000,1476000000,26.71361058601134,0.01383434171885504,0.0031805425631431243,0.011667456931536058,1.8059300145065986
2021-03-31,2021-04-29,SO,1139000000,1.07,1060000000,5910000000,2711000000,28773000000,53250000000,51480000000,1770000000,-436000000,1242000000,27.14433962264151,0.039585722726166894,0.009083441659422774,0.018579724658546837,1.8506933583567928
2021-06-30,2021-07-29,SO,376000000,0.35,1061000000,5198000000,1799000000,28490000000,53908000000,52326000000,1582000000,-44000000,1662000000,26.852026390197928,0.013197613197613197,0.0029863311809510194,0.010404315541912058,1.8921726921726922
2021-09-30,2021-11-04,SO,1105000000,1.04,1061000000,6238000000,2928000000,28980000000,54577000000,52499000000,2078000000,339000000,2177000000,27.313854853911405,0.038129744651483784,0.008642197386224102,0.017768916190272422,1.883264320220842
2021-12-31,2022-02-17,SO,-211000000,-0.2,1062000000,5767000000,948000000,28165000000,55470000000,53672000000,1798000000,-930000000,1088000000,26.52071563088512,-0.007491567548375644,-0.001654460771245315,-0.0004948861761794787,1.9694656488549618
2022-03-31,2022-04-28,SO,1036000000,0.97,1063000000,6648000000,2615000000,28588000000,55922000000,54260000000,1662000000,173000000,1592000000,26.893697083725307,0.03623898139079334,0.008053545192360016,0.01670933579019882,1.9561354414439625
2022-06-30,2022-07-28,SO,1111000000,1.04,1065000000,7206000000,2887000000,28973000000,56462000000,54738000000,1724000000,193000000,1987000000,27.20469483568075,0.038346046318986644,0.008495897345701199,0.017566410563578553,1.9487798985262141
2022-09-30,2022-10-27,SO,1475000000,1.36,1082000000,8378000000,3501000000,31481000000,56650000000,54641000000,2009000000,-851000000,1438000000,29.095194085027728,0.04685365776182459,0.01100705197567255,0.021907461053653002,1.7994981099710936
2022-12-31,2023-02-16,SO,-86000000,-0.0798,1090000000,7047000000,1307000000,30408000000,59135000000,57218000000,1917000000,-1136000000,1285000000,27.897247706422018,-0.0028282031044461983,-0.000637551801083838,0.002200786910804486,1.9447184951328598
2023-03-31,2023-04-27,SO,862000000,0.79,1091000000,6480000000,2711000000,30528000000,60550000000,59497000000,1053000000,-1006000000,844000000,27.98166819431714,0.028236373165618448,0.006396746712576806,0.014640303288768992,1.9834250524109014
2023-06-30,2023-08-03,SO,838000000,0.77,1092000000,5748000000,2734000000,30672000000,62395000000,60272000000,2123000000,8000000,2056000000,28.087912087912088,0.02732133541992697,0.006111613524315178,0.015043238597247278,2.0342657798643713
2023-09-30,2023-09-30,SO,1422000000,1.3,1092000000,6980000000,3612000000,31377000000,62306000000,60630000000,1676000000,177000000,2840000000,28.733516483516482,0.04531982025050196,0.010280434641160779,0.021145120832616004,1.9857220256876056
2023-12-31,2023-12-31,SO,855000000,0.78,1092000000,6045000000,2721000000,31444000000,63490000000,62742000000,748000000,-721000000,1813000000,28.794871794871796,0.027191197048721538,0.0061364664001550264,0.015149066740279871,2.0191451469278716
2024-03-31,2024-05-02,SO,1129000000,1.03,1094000000,6646000000,3220000000,31920000000,65246000000,64533000000,713000000,-597000000,1311000000,29.177330895795247,0.03536967418546366,0.008057379389095062,0.0168102390877052,2.044047619047619
2024-06-30,2024-06-30,SO,1203000000,1.1,1096000000,6463000000,3483000000,32449000000,65519000000,64367000000,1152000000,419000000,2688000000,29.60675182481752,0.03707356158895497,0.008475591283456745,0.018032448142077856,2.019137723812752
2024-09-30,2024-10-31,SO,1535000000,1.4,1097000000,7274000000,3948000000,33298000000,65082000000,64064000000,1018000000,1305000000,3616000000,30.353691886964448,0.046098864796684486,0.010662980355108506,0.021471974623625635,1.9545318037119346
2024-12-31,2025-02-20,SO,534000000,0.5,1098000000,6341000000,2588000000,33208000000,66277000000,65207000000,1070000000,-576000000,2173000000,30.24408014571949,0.016080462539147192,0.003678192588510814,0.010755949692534935,1.9958142616237051
2025-03-31,2025-05-01,SO,1334000000,1.21,1100000000,7775000000,3675000000,33839000000,70120000000,67793000000,2327000000,-1187000000,1250000000,30.762727272727272,0.03942196873430066,0.009006880068057985,0.018252315755261234,2.0721652531103163
2025-06-30,2025-07-31,SO,880000000,0.8,1100000000,6973000000,3465000000,34014000000,70824000000,69560000000,1264000000,-619000000,2181000000,30.921818181818182,0.025871699888281297,0.005911872787246478,0.01453860395489716,2.082201446463221
