date,filingDate,symbol,netIncome,eps,weightedAverageShsOut,revenue,ebitda,totalStockholdersEquity,totalDebt,netDebt,cashAndCashEquivalents,freeCashFlow,operatingCashFlow,bookValuePerShare,ROE,ROA,ROIC,debtToEquity
2015-09-30,2015-11-04,SPGI,252000000,0.93,271300000,1324000000,448000000,704000000,3489000000,2048000000,1441000000,509000000,541000000,2.5949133800221156,0.35795454545454547,0.030871003307607496,0.11016868115055078,4.955965909090909
2015-12-31,2016-02-12,SPGI,248000000,0.92,268500000,1374000000,477000000,243000000,3611000000,2130000000,1481000000,486000000,551000000,0.9050279329608939,1.0205761316872428,0.030306733471831847,0.12842393594605983,14.860082304526749
2016-03-31,2016-04-26,SPGI,294000000,1.11,265000000,1341000000,554000000,222000000,3941000000,2341000000,1600000000,117000000,133000000,0.8377358490566038,1.3243243243243243,0.035588911754024934,0.13670420653762475,17.75225225225225
2016-06-30,2016-07-28,SPGI,383000000,1.45,264500000,1482000000,696000000,425000000,3779000000,2212000000,1567000000,418000000,438000000,1.606805293005671,0.9011764705882352,0.04619466891810397,0.1670131941992599,8.891764705882354
2016-09-30,2016-11-03,SPGI,892000000,3.39,262900000,1439000000,1395000000,462000000,3963000000,1564000000,2399000000,569000000,600000000,1.7573221757322175,1.9307359307359306,0.10281235592438911,0.46915084799063667,8.577922077922079
2016-12-31,2017-02-09,SPGI,537000000,2.07,258900000,1399000000,904000000,701000000,3564000000,1172000000,2392000000,245000000,293000000,2.7076091154886055,0.7660485021398002,0.06194486099896182,0.3260866798277845,5.08416547788873
2017-03-31,2017-04-26,SPGI,399000000,1.54,258200000,1453000000,691000000,844000000,3565000000,1154000000,2411000000,330000000,353000000,3.268783888458559,0.4727488151658768,0.046105847007164316,0.2282478878223559,4.2239336492890995
2017-06-30,2017-07-27,SPGI,421000000,1.63,257300000,1509000000,722000000,1019000000,3566000000,1182000000,2384000000,288000000,321000000,3.9603575592693354,0.41315014720314036,0.04788988738482539,0.21963667083144028,3.4995093228655545
2017-09-30,2017-10-26,SPGI,414000000,1.62,255500000,1513000000,704000000,839000000,3568000000,1256000000,2312000000,508000000,529000000,3.283757338551859,0.4934445768772348,0.04750975441817765,0.22860656651255384,4.252681764004768
2017-12-31,2018-02-09,SPGI,263000000,1.03,254400000,1589000000,674000000,768000000,3569000000,792000000,2777000000,767000000,813000000,3.018867924528302,0.3424479166666667,0.02790450928381963,0.20435766836445954,4.647135416666667
2018-03-31,2018-04-26,SPGI,491000000,1.94,252400000,1567000000,760000000,68000000,3570000000,1814000000,1756000000,327000000,360000000,0.2694136291600634,7.220588235294118,0.05778510062374956,0.29790690379996915,52.5
2018-06-30,2018-07-26,SPGI,461000000,1.83,251100000,1609000000,735000000,583000000,3660000000,1775000000,1885000000,516000000,543000000,2.321784149741139,0.79073756432247,0.05001627427579473,0.22087637150901818,6.2778730703259
2018-09-30,2018-10-26,SPGI,495000000,1.97,251300000,1546000000,764000000,958000000,3661000000,1503000000,2158000000,470000000,498000000,3.812176681257461,0.5167014613778705,0.05275498241500586,0.22968426501035197,3.8215031315240084
2018-12-31,2019-02-13,SPGI,512000000,2.06,249000000,1536000000,762000000,684000000,3662000000,1745000000,1917000000,638000000,663000000,2.746987951807229,0.7485380116959064,0.054134066398815815,0.23893500795733152,5.353801169590644
2019-03-31,2019-05-03,SPGI,410000000,1.66,246700000,1571000000,654000000,388000000,4280000000,2877000000,1403000000,273000000,293000000,1.5727604377786786,1.056701030927835,0.04218106995884774,0.14756898035162527,11.030927835051546
2019-06-30,2019-08-01,SPGI,555000000,2.25,246100000,1704000000,871000000,512000000,4285000000,2404000000,1881000000,691000000,717000000,2.0804550995530273,1.083984375,0.054491899852724596,0.21621514950585707,8.369140625
2019-09-30,2019-10-30,SPGI,617000000,2.52,245000000,1689000000,932000000,402000000,4280000000,2284000000,1996000000,731000000,762000000,1.6408163265306122,1.5348258706467661,0.06056144483706321,0.25573085144453594,10.64676616915423
2019-12-31,2020-02-10,SPGI,541000000,2.22,244000000,1735000000,875000000,536000000,4680000000,1814000000,2866000000,966000000,1004000000,2.19672131147541,1.0093283582089552,0.04767359887204794,0.28108624152283374,8.73134328358209
2020-03-31,2020-04-28,SPGI,639000000,2.64,242100000,1786000000,960000000,-250000000,4552000000,2620000000,1932000000,669000000,680000000,-1.0326311441553078,-2.556,0.06107235018637102,0.3019879816597626,-18.208
2020-06-30,2020-07-28,SPGI,792000000,3.29,240900000,1943000000,1166000000,210000000,4528000000,1861000000,2667000000,930000000,937000000,0.8717310087173101,3.7714285714285714,0.07131922557406574,0.4216949457064894,21.561904761904763
2020-09-30,2020-10-28,SPGI,455000000,1.89,240600000,1846000000,725000000,442000000,4673000000,1525000000,3148000000,784000000,809000000,1.8370739817123858,1.0294117647058822,0.03973105134474328,0.2671101476244832,10.572398190045249
2020-12-31,2021-02-09,SPGI,454000000,1.89,240500000,1867000000,724000000,509000000,4754000000,646000000,4108000000,1108000000,1141000000,2.1164241164241164,0.8919449901768173,0.036212810082156814,0.4590909090909091,9.339882121807465
2021-03-31,2021-04-29,SPGI,755000000,3.14,240600000,2016000000,1138000000,1032000000,4636000000,136000000,4500000000,750000000,768000000,4.28927680798005,0.7315891472868217,0.05884645362431801,0.7127438771274388,4.492248062015504
2021-06-30,2021-07-29,SPGI,798000000,3.31,240800000,2106000000,1221000000,1265000000,4608000000,-605000000,5213000000,916000000,923000000,5.253322259136213,0.6308300395256917,0.05956112852664577,1.3348061029879212,3.642687747035573
2021-09-30,2021-10-26,SPGI,797000000,3.31,240900000,2087000000,1147000000,1845000000,4621000000,-1278000000,5899000000,959000000,967000000,7.658779576587796,0.43197831978319784,0.05648075969102119,1.5623491275260362,2.504607046070461
2021-12-31,2022-02-08,SPGI,675000000,2.8,241000000,2088000000,956000000,2032000000,4702000000,-1795000000,6497000000,938000000,940000000,8.431535269709544,0.33218503937007876,0.04492213496605883,3.192717963305362,2.313976377952756
2022-03-31,2022-05-04,SPGI,1235000000,4.49,275200000,2389000000,2061000000,39781000000,12084000000,7679000000,4405000000,206000000,222000000,144.5530523255814,0.03104497121741535,0.018686073957513767,0.028206043213793094,0.30376310298886405
2022-06-30,2022-08-03,SPGI,972000000,2.88,338000000,2993000000,1785000000,39506000000,11422000000,7851000000,3571000000,430000000,454000000,116.88165680473372,0.024603857641877183,0.015111235483419617,0.023629060916327507,0.28912063990279957
2022-09-30,2022-10-28,SPGI,608000000,1.84,329600000,2861000000,1192000000,37240000000,11378000000,9991000000,1387000000,793000000,814000000,112.98543689320388,0.0163265306122449,0.009836118615825151,0.01559337907304069,0.30553168635875405
2022-12-31,2023-02-10,SPGI,433000000,1.34,323900000,2937000000,982000000,36477000000,11651000000,10365000000,1286000000,1085000000,1113000000,112.61809200370485,0.01187049373577871,0.007008286935128836,0.012006580383529348,0.31940674945856296
2023-03-31,2023-04-27,SPGI,795000000,2.47,321300000,3160000000,1420000000,36370000000,12229000000,10827000000,1402000000,566000000,594000000,113.19638966697791,0.021858674731921914,0.012817618986198891,0.019699385732079296,0.3362386582348089
2023-06-30,2023-07-27,SPGI,511000000,1.6,319300000,3101000000,1207000000,35559000000,12048000000,10487000000,1561000000,738000000,769000000,111.36548700281867,0.014370482859472988,0.008419144904852129,0.013805139704420278,0.3388171770859698
2023-09-30,2023-11-02,SPGI,742000000,2.34,317500000,3084000000,1361000000,35514000000,12005000000,10360000000,1645000000,977000000,1013000000,111.85511811023622,0.020893168891141522,0.012252109443371146,0.019242263547760163,0.338035704229318
2023-12-31,2024-02-09,SPGI,579000000,1.84,315400000,3152000000,1160000000,34200000000,12000000000,10710000000,1290000000,1286000000,1334000000,108.43373493975903,0.01692982456140351,0.009556190067504002,0.015712365116462984,0.3508771929824561
2024-03-31,2024-04-25,SPGI,991000000,3.16,313600000,3491000000,1681000000,34327000000,12229000000,10686000000,1543000000,924000000,948000000,109.46109693877551,0.02886940309377458,0.01638639482778577,0.025132759688403426,0.35625018207242115
2024-06-30,2024-07-30,SPGI,1011000000,3.23,313000000,3549000000,1747000000,34881000000,11920000000,9882000000,2038000000,1524000000,1556000000,111.4408945686901,0.02898426077234024,0.01658573397204541,0.025593184579569477,0.3417333218657722
2024-09-30,2024-10-25,SPGI,971000000,3.12,311200000,3575000000,1726000000,33992000000,11929000000,10233000000,1696000000,1410000000,1445000000,109.22879177377892,0.028565544834078607,0.016084680625496953,0.024927742493266385,0.3509355142386444
2024-12-31,2025-02-11,SPGI,880000000,2.85,311600000,3592000000,1624000000,33159000000,11933000000,10267000000,1666000000,1707000000,1740000000,106.41527599486521,0.026538797913085437,0.014612842696069477,0.023510783087267704,0.35987213124641876
2025-03-31,2025-04-29,SPGI,1090000000,3.55,307300000,3777000000,1867000000,33371000000,11913000000,10444000000,1469000000,910000000,953000000,108.59420761470875,0.03266309070750052,0.018200337290654376,0.028119475358535307,0.3569866051361961
2025-06-30,2025-08-01,SPGI,1072000000,3.5,305900000,3755000000,1875000000,33496000000,11900000000,10053000000,1847000000,1384000000,1445000000,109.49983654789146,0.0320038213518032,0.017749813726301845,0.028002190103811615,0.35526630045378554
