date,filingDate,symbol,netIncome,eps,weightedAverageShsOut,revenue,ebitda,totalStockholdersEquity,totalDebt,netDebt,cashAndCashEquivalents,freeCashFlow,operatingCashFlow,bookValuePerShare,ROE,ROA,ROIC,debtToEquity
2015-09-30,2015-09-30,STE,8687000,0.15,59897000,489897000,46635000,1090965000,829818000,667631000,162187000,21909000,38319000,18.21401739653071,0.007962675246226965,0.0037621076464285745,0.006971473745112014,0.7606275178397107
2015-12-31,2015-12-31,STE,20045000,0.26,77221000,618688000,91955000,2975379000,1639461000,1408101000,231360000,-17042000,25147000,38.530697608163585,0.006736956871712814,0.0037465307909880655,0.007730014155389656,0.5510091319458799
2016-03-31,2016-03-31,STE,57740000,0.67,85907000,690277000,152690000,3023034000,1567796000,1318955000,248841000,105766000,150056000,35.18961202230319,0.019100016738151142,0.010799758193152197,0.015044364445691218,0.5186167274334328
2016-06-30,2016-12-31,STE,48401000,0.56,86038000,638378000,127799000,3037271000,1551838000,1309415000,242423000,44959000,80316000,35.301506311164836,0.015935687003234153,0.009144046168166492,0.013177264593402007,0.5109316883478623
2016-09-30,2016-09-30,STE,40416000,0.47,85851000,646415000,119924000,2998532000,1504192000,1249841000,254351000,69676000,108185000,34.92716450594635,0.013478595526077428,0.007756459157970493,0.01121728944345009,0.501642803878698
2016-12-31,2016-12-31,STE,-4996000,-0.06,83267000,646774000,57807000,2758678000,1507039000,1242182000,264857000,62545000,100904000,33.130507884275886,-0.001811012376217884,-0.0010223153683302415,-0.0018590314582720862,0.5462902883192602
2017-03-31,2017-03-31,STE,26143000,0.31,84934000,681189000,111777000,2798602000,1478361000,1195443000,282918000,74005000,134681000,32.95031436173971,0.009341449766704948,0.0053088108227204835,0.008117647628100695,0.5282498190167805
2017-06-30,2017-12-31,STE,58077000,0.68,85090000,607964000,130371000,2927666000,1496467000,1201627000,294840000,44161000,80653000,34.40669878951698,0.019837303845452316,0.01148641445749105,0.01646488180128734,0.5111467633261444
2017-09-30,2017-09-30,STE,64459000,0.76,85199000,634159000,145578000,3029993000,1445297000,1149669000,295628000,97796000,136724000,35.56371553656733,0.02127364650677411,0.012588969813346,0.01765727177655945,0.47699681154378903
2017-12-31,2017-12-31,STE,94781000,1.12,85004000,661900000,149053000,3106628000,1420049000,1136205000,283844000,72387000,110478000,36.5468448543598,0.030509285308701267,0.01837908211822213,0.02551653057251602,0.45710300686145877
2018-03-31,2018-03-31,STE,73598000,0.87,84819000,715973000,158941000,3205960000,1316001000,1114467000,201534000,77831000,129777000,37.797663259411216,0.022956618298419194,0.014152552509127298,0.019227601413512607,0.410485782729666
2018-06-30,2018-12-31,STE,69991000,0.83,84685000,638758000,141645000,3087440000,1320064000,1101540000,218524000,73053000,100779000,36.45793233748598,0.02266959034021714,0.013854627268541558,0.019148437677741523,0.42755940196408676
2018-09-30,2018-09-30,STE,77457000,0.92,84537000,678961000,152769000,3117863000,1267723000,1057802000,209921000,91100000,125923000,36.8816376261282,0.024842977385472035,0.015425717295754676,0.02077834816706963,0.40659996927382636
2018-12-31,2018-12-31,STE,47858000,0.57,84540000,696238000,152271000,3104536000,1246308000,1021402000,224906000,83190000,133877000,36.7226874852141,0.015415508146789086,0.00955938310838748,0.014139631975891605,0.4014474304694808
2019-03-31,2019-05-30,STE,108745000,1.29,84546000,768213000,194161000,3177810000,1183227000,962594000,220633000,102447000,178926000,37.58675750479029,0.034220107558349935,0.021435733897672633,0.028365624833165827,0.37234038535972885
2019-06-30,2019-08-07,STE,84590000,1.0,84638000,696803000,157190000,3236900000,1332630000,1094563000,238067000,59543000,109337000,38.2440511354238,0.02613302851493713,0.016174852855495407,0.021674712383988652,0.4116994655380148
2019-09-30,2019-11-07,STE,94769000,1.12,84795000,736840000,177385000,3228668000,1303566000,1078030000,225536000,102289000,150663000,38.0761601509523,0.029352352115485394,0.018275004208675484,0.02405848291098924,0.4037473038417081
2019-12-31,2020-02-10,STE,104930000,1.24,84788000,774261000,193323000,3382680000,1260217000,1060987000,199230000,75845000,131326000,39.89573996320234,0.031019783130535553,0.01966608697347112,0.02527971867130046,0.37254987169936266
2020-03-31,2020-05-29,STE,123316000,1.45,84891000,822991000,208530000,3405362000,1284444000,964863000,319581000,138366000,199233000,40.11452332991719,0.03621230283300278,0.022664770155197692,0.030019458596028573,0.37718280758403955
2020-06-30,2020-08-07,STE,88190000,1.05,84959000,668932000,167060000,3474664000,1202882000,947255000,255627000,67261000,134122000,40.898127332007206,0.025380871359072417,0.016441312493626403,0.021670531938258644,0.3461865665284471
2020-09-30,2020-11-06,STE,105858000,1.24,85170000,756132000,196869000,3647145000,1165862000,853834000,312028000,118066000,161951000,42.821944346600915,0.02902489481498542,0.019272955614378487,0.02507762982668419,0.31966428535196706
2020-12-31,2021-02-09,STE,114501000,1.34,85330000,808924000,205150000,3866990000,1864780000,1612278000,252502000,151961000,205712000,45.318059299191376,0.029609851589996353,0.017399305249529692,0.022247767527642147,0.4822303652194601
2021-03-31,2021-05-28,STE,87443000,1.02,85352000,873531000,206687000,3880990000,1802987000,1582456000,220531000,113090000,187855000,45.470404911425625,0.022531106753689138,0.013300385688825762,0.017322310430390037,0.46456883424074785
2021-06-30,2021-08-09,STE,-21807000,-0.24,90152000,968422000,76456000,6574580000,3838414000,3303640000,534774000,41030000,97426000,72.92772206939391,-0.003316865868237971,-0.001802081430082637,-0.0005482363840334148,0.5838264953806935
2021-09-30,2021-11-08,STE,69811000,0.7,99848000,1196985000,230685000,6535644000,3644156000,3260662000,383494000,94367000,171340000,65.45593301818765,0.01068157935162931,0.005940124134137841,0.008934394740752784,0.5575817777100466
2021-12-31,2022-02-09,STE,143623000,1.44,100038000,1208971000,322990000,6611191000,3499057000,3139968000,359089000,163192000,244314000,66.08679701713349,0.021724224878694322,0.012286006648778961,0.01652254993275125,0.5292627304217954
2022-03-31,2022-05-31,STE,52261000,0.52,100101000,1210686000,327068000,6532356000,3279884000,2931564000,348320000,98659000,171731000,65.25764977372853,0.008000329437036194,0.0045748299528152,0.007175888372407126,0.5020981710121126
2022-06-30,2022-08-08,STE,111262000,1.11,100082000,1156491000,297258000,6407548000,3183221000,2866894000,316327000,115813000,231746000,64.02298115545253,0.017364208586498297,0.009944756912000226,0.014016542977987129,0.49679237674068144
2022-09-30,2022-11-09,STE,-315285000,-3.15,99969000,1200517000,-172536000,5802057000,3202355000,2944096000,258259000,21056000,103824000,58.038561954205804,-0.05434021072181814,-0.030056810360245104,-0.03315864577427593,0.5519344260147737
2022-12-31,2023-02-08,STE,123828000,1.24,99716000,1215994000,328754000,6038312000,3252507000,2993136000,259371000,113759000,205578000,60.55509647398612,0.020507055614218013,0.011465636239662427,0.016249592528462493,0.538645071669036
2023-03-31,2023-05-10,STE,187225000,1.89,99055000,1384837000,367606000,6077198000,3248277000,3039920000,208357000,144350000,215799000,61.35175407601837,0.03080778345546747,0.01730066396293643,0.02368940579458897,0.5345024137768755
2023-06-30,2023-08-08,STE,123554000,1.25,98708000,1183386000,337063000,6168286000,3122711000,2914097000,208614000,214528000,281129000,62.49023382096689,0.02003052387648692,0.01145675504757807,0.01716673668816444,0.5062526283638599
2023-09-30,2023-11-07,STE,115319000,1.17,98785000,1238204000,345042000,6178073000,3633407000,3419650000,213757000,62803000,146095000,62.54059826896796,0.01866585260484944,0.01022273740190936,0.015568976410423247,0.5881133162395459
2023-12-31,2024-02-08,STE,140743000,1.42,98802000,1297724000,369179000,6415396000,3509051000,3313466000,195585000,172307000,291243000,64.9318434849497,0.02193831838284028,0.012307922367471188,0.018412122063567186,0.5469734058505508
2024-03-31,2024-05-29,STE,-1377000,-0.0139,98851000,1116154000,385994000,6302164000,3383167000,3176147000,207020000,163310000,254807000,63.75417547622179,-0.00021849637680009597,-0.00012446110915727355,0.021212009123805477,0.5368262393679377
2024-06-30,2024-08-08,STE,145401000,1.47,98869000,1279500000,318300000,6354597000,2484668000,2286340000,198328000,195600000,303700000,64.27289645895074,0.02288123070589685,0.01438388952140855,0.01899966240290247,0.3910032374987745
2024-09-30,2024-11-07,STE,150034000,1.52,98669000,1328912000,329813000,6593489000,2399815000,2227620000,172195000,148893000,250768000,66.82432172212144,0.022754872268688095,0.0146486893126391,0.018893711237275505,0.36396739268087047
2024-12-31,2025-02-07,STE,173534000,1.76,98490000,1370570000,373752000,6416101000,2319893000,2164715000,155178000,243607000,332838000,65.14469489288253,0.02704664405999843,0.01733890121080752,0.021889752555814268,0.3615736410633187
2025-03-31,2025-05-29,STE,145672000,1.48,98273000,1480531000,336775000,6603405000,2202540000,2030839000,171701000,189896000,260781000,67.1944989976901,0.022060134127771962,0.014356431789258713,0.018484525645556492,0.33354610235174126
2025-06-30,2025-08-07,STE,177400000,1.8,98400000,1391100000,367200000,6957000000,2068900000,1789200000,279700000,326400000,420000000,70.70121951219512,0.025499496909587464,0.017049495434887072,0.021747089987378142,0.2973839298548225
