date,filingDate,symbol,netIncome,eps,weightedAverageShsOut,revenue,ebitda,totalStockholdersEquity,totalDebt,netDebt,cashAndCashEquivalents,freeCashFlow,operatingCashFlow,bookValuePerShare,ROE,ROA,ROIC,debtToEquity
2015-09-30,2015-10-30,SYF,574000000,0.69,833800000,2464000000,0,12158000000,23881000000,11610000000,12271000000,1317000000,1317000000,14.581434396737826,0.047211712452706035,0.007225397145086982,-0.0012088198248648798,1.9642210889949006
2015-12-31,2016-02-25,SYF,547000000,0.66,833800000,2561000000,0,12604000000,24279000000,11954000000,12325000000,1889000000,1889000000,15.116334852482609,0.04339892097746747,0.006512680080962019,-0.001206069858883869,1.9262932402411932
2016-03-31,2016-04-28,SYF,582000000,0.7,833800000,2631000000,0,13204000000,20476000000,7976000000,12500000000,1500000000,1500000000,15.835931878148237,0.044077552256891854,0.007127461545997845,-0.0015989791931229854,1.5507421993335353
2016-06-30,2016-07-28,SYF,489000000,0.59,833900000,2631000000,0,13715000000,19295000000,7508000000,11787000000,1472000000,1472000000,16.446816165007796,0.03565439300036456,0.005935618566711983,-0.001613769365186547,1.4068538096974117
2016-09-30,2016-10-27,SYF,604000000,0.73,828400000,2808000000,1019000000,13981000000,20167000000,6579000000,13588000000,1815000000,1815000000,16.877112506035733,0.04320148773335241,0.006929863812113494,0.02937743190661478,1.442457621057149
2016-12-31,2017-02-23,SYF,576000000,0.7,820500000,2902000000,963000000,14196000000,20147000000,10826000000,9321000000,2036000000,2036000000,17.30164533820841,0.04057480980557904,0.006385313778309887,0.02301974262648869,1.4192025922795153
2017-03-31,2017-05-01,SYF,499000000,0.61,813100000,2996000000,841000000,14363000000,20194000000,8802000000,11392000000,1750000000,1750000000,17.664493912187922,0.034742045533662884,0.005603593486805165,0.021541118066047915,1.4059736823783333
2017-06-30,2017-07-28,SYF,496000000,0.62,804000000,3025000000,847000000,14332000000,20709000000,8689000000,12020000000,1768000000,1768000000,17.82587064676617,0.034607870499581354,0.005442176870748299,0.02154554537161722,1.4449483672899806
2017-09-30,2017-10-26,SYF,555000000,0.7,787300000,3147000000,948000000,14402000000,19899000000,5984000000,13915000000,2928000000,2928000000,18.292899784072144,0.03853631440077767,0.005996888101309591,0.027224565878544098,1.3816830995695042
2017-12-31,2018-02-22,SYF,385000000,0.49,778700000,3199000000,942000000,14234000000,20799000000,9197000000,11602000000,2470000000,2470000000,18.27918325414152,0.02704791344667697,0.0040184535738142955,0.016431223592676368,1.4612196150063228
2018-03-31,2018-04-26,SYF,640000000,0.84,763700000,3197000000,918000000,14356000000,21015000000,7971000000,13044000000,1915000000,1915000000,18.797957313081053,0.04458066313736417,0.006697432999508157,0.028664845254624444,1.4638478684870437
2018-06-30,2018-07-27,SYF,696000000,0.93,752200000,3800000000,965000000,14458000000,21721000000,6046000000,15675000000,2166000000,2166000000,19.220951874501463,0.048139438373218976,0.007021650087770626,0.03394459617635583,1.5023516392308756
2018-09-30,2018-10-25,SYF,671000000,0.91,734900000,3398000000,971000000,13996000000,23741000000,11673000000,12068000000,2685000000,2685000000,19.044767995645667,0.04794226921977708,0.006418288775168588,0.02614048073551755,1.696270362960846
2018-12-31,2019-02-15,SYF,783000000,1.09,718700000,3542000000,1092000000,14678000000,23996000000,14600000000,9396000000,2576000000,2576000000,20.422985946848478,0.05334514238997139,0.007332009888381152,0.02674363002937359,1.634827633192533
2019-03-31,2019-04-25,SYF,1107000000,1.57,706300000,3364000000,1549000000,14709000000,21891000000,8928000000,12963000000,2289000000,2289000000,20.825428288262778,0.07526004487048746,0.010504440901844683,0.046833354486609975,1.4882724862329186
2019-06-30,2019-07-25,SYF,853000000,1.25,683600000,3386000000,1221000000,14734000000,21244000000,9489000000,11755000000,1966000000,1966000000,21.55354008191925,0.057893307995113344,0.008017821558822424,0.03521446559055443,1.4418352110764219
2019-09-30,2019-10-25,SYF,1056000000,1.6,658300000,3458000000,1469000000,15120000000,20363000000,8902000000,11461000000,2399000000,2399000000,22.968251557040862,0.06984126984126984,0.009967624099751753,0.043959703605028724,1.3467592592592592
2019-12-31,2020-02-13,SYF,731000000,1.15,633700000,3104000000,1188000000,15088000000,19866000000,7719000000,12147000000,2336000000,2336000000,23.80937352059334,0.048449098621420994,0.0069734607826302634,0.03807210645987643,1.316675503711559
2020-03-31,2020-04-22,SYF,286000000,0.45,604900000,3061000000,0,11970000000,17248000000,3544000000,13704000000,1537000000,1537000000,19.788394775996032,0.023893065998329157,0.0029172361737285542,-0.004632870023832552,1.4409356725146198
2020-06-30,2020-07-23,SYF,48000000,0.06,583700000,2718000000,0,11899000000,16069000000,-275000000,16344000000,2381000000,2381000000,20.385471989035462,0.004033952432977561,0.0004971826317533974,-0.006788992966043371,1.3504496176149257
2020-09-30,2020-10-22,SYF,313000000,0.52,583800000,2689000000,598000000,12099000000,15771000000,2219000000,13552000000,1483000000,1483000000,20.724563206577596,0.025869906603851557,0.0032720734282548243,0.026582908064667055,1.303496156707166
2020-12-31,2021-02-11,SYF,738000000,1.25,583900000,2694000000,1171000000,12701000000,15775000000,4251000000,11524000000,2086000000,2086000000,21.752012330878575,0.058105660971577044,0.007691666319256264,0.04971439798113917,1.2420281867569483
2021-03-31,2021-04-27,SYF,1025000000,1.74,583300000,2581000000,1543000000,13439000000,15160000000,-1460000000,16620000000,1839000000,1839000000,23.039602262986456,0.07627055584492894,0.010693346130573581,0.09422065293604746,1.1280601235210954
2021-06-30,2021-07-22,SYF,1242000000,2.13,577200000,2395000000,1858000000,14197000000,13457000000,2340000000,11117000000,1441000000,1441000000,24.596327096327098,0.08748327111361555,0.013497505895649718,0.08059640013933632,0.9478763118968796
2021-09-30,2021-10-21,SYF,1141000000,2.02,560600000,2486000000,1702000000,13936000000,12760000000,2954000000,9806000000,1815000000,1815000000,24.859079557616838,0.08187428243398392,0.012410672525751329,0.07246374580619695,0.9156142365097589
2021-12-31,2022-02-10,SYF,813000000,1.49,537800000,2730000000,1256000000,13655000000,14507000000,6170000000,8337000000,2004000000,2004000000,25.39047973224247,0.05953863053826437,0.008491038977315454,0.04508229240814144,1.0623947272061516
2022-03-31,2022-04-21,SYF,932000000,1.81,515300000,3897000000,1446000000,13418000000,13360000000,2819000000,10541000000,1396000000,1396000000,26.03920046574811,0.0694589357579371,0.009783030850136983,0.06233437682830774,0.9956774482039052
2022-06-30,2022-07-21,SYF,804000000,1.63,493000000,4000000000,1284000000,13393000000,12157000000,1475000000,10682000000,1817000000,1817000000,27.16632860040568,0.0600313596654969,0.008445378151260504,0.059757384685040736,0.9077129843948332
2022-09-30,2022-10-25,SYF,703000000,1.5,468500000,3972000000,1161000000,13012000000,14321000000,2359000000,11962000000,1634000000,1634000000,27.77374599786553,0.05402705195204427,0.006976559553817756,0.05238249733877823,1.1005994466646172
2022-12-31,2023-02-09,SYF,577000000,1.27,445800000,3093000000,0,12873000000,14191000000,3897000000,10294000000,1847000000,1847000000,28.876177658142666,0.044822496698516276,0.005518151562679316,-0.004689709227888307,1.102384836479453
2023-03-31,2023-04-20,SYF,601000000,1.36,434400000,3199000000,901000000,13193000000,14934000000,-369000000,15303000000,1886000000,1886000000,30.370626151012893,0.04555446069885545,0.005572399469648503,0.04686525265127885,1.1319639202607443
2023-06-30,2023-07-21,SYF,569000000,1.32,422700000,3294000000,1039000000,13380000000,14231000000,1525000000,12706000000,1908000000,1908000000,31.653655074520938,0.042526158445440956,0.005234735089284893,0.047641712878780336,1.0636023916292974
2023-09-30,2023-10-24,SYF,628000000,1.49,416000000,5354000000,1141000000,13767000000,15231000000,-412000000,15643000000,2482000000,2482000000,33.09375,0.045616328902447885,0.005560523822594498,0.05786215646872751,1.1063412508171715
2023-12-31,2024-02-08,SYF,440000000,1.04,411900000,3659000000,862000000,13903000000,15982000000,1723000000,14259000000,2317000000,2317000000,33.7533381888808,0.0316478457886787,0.0037453502328075655,0.038867716547773594,1.1495360713515068
2024-03-31,2024-04-25,SYF,1293000000,3.17,404700000,6725000000,4644000000,15282000000,16133000000,-3888000000,20021000000,2248000000,2248000000,37.761304670126016,0.08460934432665881,0.010670693966477681,0.30064433641273053,1.055686428477948
2024-06-30,2024-07-19,SYF,643000000,1.56,399300000,5699000000,2781000000,15540000000,15637000000,-2995000000,18632000000,2484000000,2484000000,38.91810668670173,0.04137709137709138,0.0053365867423582234,0.16153978379256478,1.0062419562419562
2024-09-30,2024-10-23,SYF,789000000,1.96,392300000,5904000000,2325000000,15980000000,15632000000,-2302000000,17934000000,2763000000,2763000000,40.73413204180474,0.04937421777221527,0.006617517550260423,0.12367242577048662,0.9782227784730914
2024-12-31,2025-02-07,SYF,774000000,1.93,389300000,4919000000,1093000000,16580000000,15462000000,751000000,14711000000,2353000000,2353000000,42.58926277934755,0.046682750301568154,0.006478993495894126,0.04465985805781548,0.9325693606755127
2025-03-31,2025-04-24,SYF,757000000,1.91,385200000,5699000000,3985000000,16581000000,17009000000,-4620000000,21629000000,2200000000,2200000000,43.045171339563865,0.045654664977986856,0.006203595954960418,0.24826791408119747,1.0258126771606055
2025-06-30,2025-06-30,SYF,946000000,2.51,376200000,4712000000,1553000000,16952000000,16009000000,-3448000000,19457000000,2560000000,2560000000,45.06113769271664,0.05580462482302973,0.007850296668188043,0.0835811564207444,0.944372345445965
