date,filingDate,symbol,netIncome,eps,weightedAverageShsOut,revenue,ebitda,totalStockholdersEquity,totalDebt,netDebt,cashAndCashEquivalents,freeCashFlow,operatingCashFlow,bookValuePerShare,ROE,ROA,ROIC,debtToEquity
2015-09-30,2015-10-23,SYK,301000000,0.8,376300000,2420000000,650000000,8484000000,2511000000,-652000000,3163000000,-586000000,-509000000,22.545841084241296,0.03547854785478548,0.01891059873091663,0.058817782120175875,0.29596888260254595
2015-12-31,2016-02-11,SYK,522000000,1.39,374300000,2715000000,794000000,8511000000,3253000000,-126000000,3379000000,592000000,671000000,22.738445097515363,0.061332393373281634,0.03212900843232597,0.06388158125504226,0.3822112560216191
2016-03-31,2016-04-22,SYK,402000000,1.08,373200000,2495000000,653000000,8808000000,6706000000,-270000000,6976000000,88000000,203000000,23.60128617363344,0.04564032697547684,0.02043929225137279,0.05266318267021008,0.7613533151680291
2016-06-30,2016-07-22,SYK,380000000,1.02,374200000,2840000000,761000000,9098000000,7644000000,4154000000,3490000000,379000000,493000000,24.31320149652592,0.04176742141129919,0.018518518518518517,0.03496618053730528,0.8401846559683447
2016-09-30,2016-10-28,SYK,355000000,0.95,374400000,2833000000,567000000,9332000000,6848000000,3895000000,2953000000,375000000,493000000,24.925213675213676,0.038041148735533645,0.0175855748749195,0.026839041354804565,0.7338191170167166
2016-12-31,2017-02-09,SYK,510000000,1.36,374500000,3157000000,739000000,9550000000,6914000000,3598000000,3316000000,505000000,648000000,25.50066755674232,0.05340314136125655,0.024957181306581845,0.03878916945543048,0.7239790575916231
2017-03-31,2017-04-27,SYK,444000000,1.19,373400000,2955000000,649000000,9704000000,7219000000,4006000000,3213000000,12000000,151000000,25.98821638993037,0.045754328112118714,0.021640590729638837,0.03238512035010941,0.7439200329760923
2017-06-30,2017-07-28,SYK,391000000,1.04,373900000,3012000000,604000000,10035000000,7366000000,3717000000,3649000000,519000000,650000000,26.83872693233485,0.03896362730443448,0.018363704677813262,0.02843222803955788,0.7340308918784255
2017-09-30,2017-10-27,SYK,434000000,1.16,374200000,3006000000,634000000,10425000000,7225000000,4633000000,2592000000,-63000000,79000000,27.859433458043828,0.04163069544364508,0.020200139632301606,0.02882188869703812,0.6930455635491607
2017-12-31,2018-02-08,SYK,-249000000,-0.67,374400000,3471000000,748000000,9966000000,7222000000,4680000000,2542000000,493000000,679000000,26.618589743589745,-0.024984948826008428,-0.011224811792814317,-0.015167506307564213,0.7246638571141882
2018-03-31,2018-04-27,SYK,443000000,1.18,374000000,3241000000,718000000,9214000000,7904000000,5725000000,2179000000,176000000,297000000,24.636363636363637,0.04807901020186672,0.020015361677133692,0.029653925965593412,0.8578250488387237
2018-06-30,2018-07-25,SYK,452000000,1.21,373900000,3322000000,809000000,9460000000,7202000000,5561000000,1641000000,492000000,649000000,25.30088258892752,0.04778012684989429,0.02095503013444599,0.030091205645429726,0.7613107822410148
2018-09-30,2018-10-26,SYK,590000000,1.58,374100000,3242000000,719000000,9860000000,7203000000,5285000000,1918000000,478000000,618000000,26.356589147286822,0.059837728194726165,0.02671617460604963,0.03895675140310333,0.73052738336714
2018-12-31,2019-02-07,SYK,2068000000,5.52,374300000,3796000000,794000000,11730000000,9859000000,6243000000,3616000000,892000000,1046000000,31.338498530590435,0.1763000852514919,0.07594843732784898,0.10823134752864964,0.8404944586530264
2019-03-31,2019-04-24,SYK,412000000,1.1,373300000,3516000000,670000000,11693000000,8471000000,6797000000,1674000000,191000000,313000000,31.323332440396463,0.03523475583682545,0.015884643559393917,0.022282314764737698,0.7244505259557
2019-06-30,2019-07-26,SYK,480000000,1.29,373900000,3650000000,764000000,11943000000,8870000000,7116000000,1754000000,349000000,514000000,31.9416956405456,0.04019090680733484,0.018213553919708584,0.025184951991185266,0.7426944653772084
2019-09-30,2019-10-30,SYK,466000000,1.24,374200000,3587000000,775000000,12315000000,8780000000,6832000000,1948000000,466000000,629000000,32.91020844468199,0.037840032480714575,0.01748002550733336,0.024338016399435943,0.7129516849370686
2019-12-31,2020-02-06,SYK,725000000,1.94,374400000,4131000000,1131000000,12807000000,11477000000,7140000000,4337000000,536000000,735000000,34.20673076923077,0.056609666588584365,0.024032883614545697,0.03634631774201634,0.8961505426719762
2020-03-31,2020-05-01,SYK,493000000,1.32,374800000,3588000000,788000000,13115000000,10902000000,6938000000,3964000000,447000000,591000000,34.99199573105656,0.037590545177277924,0.016745923913043477,0.02458485014711016,0.8312619138391155
2020-06-30,2020-07-31,SYK,-83000000,-0.22,375500000,2764000000,106000000,12754000000,13333000000,6794000000,6539000000,511000000,620000000,33.96537949400799,-0.006507762270660185,-0.00263634342343487,-0.0042459586658481685,1.0453975223459306
2020-09-30,2020-10-30,SYK,621000000,1.66,375700000,3737000000,978000000,12986000000,13537000000,6454000000,7083000000,760000000,829000000,34.56481235027948,0.04782073001694132,0.019234343058910985,0.03194444444444444,1.042430309564146
2020-12-31,2021-02-11,SYK,568000000,1.51,375900000,4262000000,894000000,13084000000,14425000000,11482000000,2943000000,1072000000,1237000000,34.80712955573291,0.043411800672577196,0.016545295659772793,0.023121387283236993,1.102491592785081
2021-03-31,2021-04-28,SYK,302000000,0.8,376300000,3953000000,643000000,13502000000,13505000000,11267000000,2238000000,369000000,452000000,35.880946053680574,0.02236705673233595,0.00902705126289045,0.01219266018006379,1.000222189305288
2021-06-30,2021-07-28,SYK,592000000,1.57,376900000,4294000000,903000000,13820000000,13155000000,10914000000,2241000000,772000000,878000000,36.66755107455558,0.04283646888567294,0.017567808178526916,0.023934664833831974,0.9518813314037626
2021-09-30,2021-10-29,SYK,438000000,1.17,377100000,4160000000,730000000,14178000000,13057000000,10494000000,2563000000,803000000,933000000,37.59745425616547,0.030892932712653406,0.012827646800410016,0.017752918287937743,0.9209338411623642
2021-12-31,2022-02-11,SYK,662000000,1.75,377300000,4701000000,1329000000,14877000000,12901000000,9957000000,2944000000,794000000,1000000000,39.43016167505964,0.044498218726893864,0.01911582108515492,0.03841848048053607,0.8671775223499362
2022-03-31,2022-04-29,SYK,323000000,0.86,377700000,4275000000,628000000,15046000000,14598000000,13140000000,1458000000,84000000,203000000,39.83584855705586,0.021467499667685765,0.008938207377480144,0.011459589867310011,0.9702246444237671
2022-06-30,2022-07-27,SYK,656000000,1.73,378300000,4493000000,973000000,15674000000,13852000000,12808000000,1044000000,386000000,529000000,41.432725350251125,0.04185274977670027,0.018206039076376555,0.02303209044308686,0.8837565394921526
2022-09-30,2022-11-01,SYK,816000000,2.16,378400000,4479000000,1066000000,16463000000,13224000000,11804000000,1420000000,751000000,889000000,43.506871035940804,0.049565692765595575,0.022677375427285106,0.028867584108677964,0.8032557857012695
2022-12-31,2023-02-10,SYK,563000000,1.49,378500000,5202000000,1014000000,16616000000,13526000000,11682000000,1844000000,815000000,1003000000,43.8996036988111,0.033883004333172845,0.015264071141958572,0.019895398968124957,0.8140346653827636
2023-03-31,2023-05-02,SYK,592000000,1.56,379000000,4778000000,936000000,16895000000,13560000000,11889000000,1671000000,315000000,445000000,44.577836411609496,0.03503995264871264,0.016073852837360847,0.02056698165647582,0.8026043208049719
2023-06-30,2023-08-04,SYK,738000000,1.94,379700000,4996000000,1158000000,17361000000,13435000000,12034000000,1401000000,536000000,688000000,45.72293916249671,0.04250907205806117,0.01972787297174477,0.025106310597040313,0.7738609527100974
2023-09-30,2023-11-03,SYK,692000000,1.82,379800000,4909000000,1131000000,17905000000,13189000000,11329000000,1860000000,902000000,1050000000,47.14323328067404,0.03864842222842781,0.018190421113506126,0.023671067934596703,0.7366098855068417
2023-12-31,2024-02-14,SYK,1143000000,3.01,380000000,5815000000,1476000000,18593000000,13494000000,10523000000,2971000000,1383000000,1528000000,48.92894736842105,0.061474748561286506,0.028638003607937463,0.03925676603929111,0.7257570053245845
2024-03-31,2024-05-01,SYK,788000000,2.07,380400000,5243000000,1183000000,19172000000,13400000000,11070000000,2330000000,37000000,204000000,50.39957939011567,0.04110160650949301,0.019998984823105425,0.02605647774618081,0.6989359482578761
2024-06-30,2024-07-31,SYK,825000000,2.17,381000000,5422000000,1256000000,19762000000,12744000000,10870000000,1874000000,481000000,633000000,51.86876640419948,0.04174678676247343,0.0210835675951955,0.026932619482893706,0.644874000607226
2024-09-30,2024-10-30,SYK,834000000,2.19,381100000,5494000000,1311000000,20149000000,16007000000,12157000000,3850000000,1304000000,1474000000,52.87063762791918,0.0413916323390739,0.01902676065977688,0.025815637961988484,0.7944314854335203
2024-12-31,2025-02-12,SYK,546000000,1.43,381000000,6436000000,792000000,20634000000,14120000000,10468000000,3652000000,1665000000,1931000000,54.15748031496063,0.026461180575748765,0.01270624374578204,0.017555141148479197,0.6843074537171658
2025-03-31,2025-05-02,SYK,654000000,1.71,381700000,5866000000,1036000000,20930000000,17356000000,15036000000,2320000000,127000000,250000000,54.83363898349489,0.031247013855709507,0.01421553710385602,0.018183840293610632,0.8292403248924988
2025-06-30,2025-08-01,SYK,884000000,2.32,382200000,6022000000,1471000000,21191000000,17128000000,14753000000,2375000000,928000000,1111000000,55.44479330193616,0.041715822754943135,0.01908009755886987,0.028442647442828827,0.8082676607993959
