date,filingDate,symbol,netIncome,eps,weightedAverageShsOut,revenue,ebitda,totalStockholdersEquity,totalDebt,netDebt,cashAndCashEquivalents,freeCashFlow,operatingCashFlow,bookValuePerShare,ROE,ROA,ROIC,debtToEquity
2015-09-26,2015-11-03,SYY,244420000,0.41,596698935,12562611000,642440000,5305685000,3088234000,2699978000,388256000,-382725000,-261482000,8.891728623581338,0.04606756714731462,0.01827910614109014,0.040678903559712674,0.582061317247443
2015-12-26,2016-02-02,SYY,272399000,0.48,566881538,12153626000,582303000,3941427000,4355970000,3760368000,595602000,603373000,730363000,6.952823007617511,0.06911177093981444,0.020810547838919044,0.03961797694633894,1.105175866507232
2016-03-26,2016-05-03,SYY,217136000,0.38,566487516,12002791000,563834000,3969431000,4361895000,3751057000,610838000,407450000,520100000,7.007093515543597,0.05470204671651932,0.01626353615666252,0.0330891866006486,1.098871601496537
2016-07-02,2016-08-30,SYY,215667000,0.38,562924016,13647891000,607568000,3479608000,7435402000,3516102000,3919300000,777698000,944161000,6.1813102676365475,0.06198025754625234,0.012897352462688834,0.0377445020407174,2.13685047281188
2016-10-01,2016-11-08,SYY,323887000,0.58,555437764,13968654000,786261000,3020786000,7859569000,7099671000,759898000,111687000,253942000,5.438567911273674,0.10721944553503625,0.01796895501256324,0.03671153061606927,2.601829126591556
2016-12-31,2017-02-07,SYY,275167000,0.5,545132762,13457268000,719529000,2476039000,8345188000,7497896000,847292000,242022000,385459000,4.542084373934583,0.11113193289766438,0.015607825858394405,0.03230511756684172,3.3703782533312276
2017-04-01,2017-05-09,SYY,238278000,0.44,539291561,13524172000,665528000,2330528000,8577984000,7722851000,855133000,314939000,443023000,4.321462022655311,0.10224206703373656,0.013296095620197646,0.029037702271531747,3.6807041151189774
2017-07-01,2017-08-30,SYY,305171000,0.57,534137743,14421045000,796990000,2381516000,8194890000,7325388000,869502000,879048000,1151650000,4.458617709027913,0.12814148634735187,0.017186288746388327,0.03638133338209901,3.441039237191772
2017-09-30,2017-11-09,SYY,367640000,0.7,527289675,14650424000,810475000,2235254000,8964513000,8055310000,909203000,-53486000,82775000,4.23913857217098,0.1644734781818979,0.019960268402738755,0.041013927577793874,4.01051200445229
2017-12-30,2018-02-06,SYY,284113000,0.55,521284182,14411490000,725116000,2268602000,8853834000,7892767000,961067000,728113000,850429000,4.351948665114109,0.1252370402565104,0.015594007915751204,0.03328229123194784,3.9027709576205964
2018-03-31,2018-05-08,SYY,330085000,0.63,521832671,14349504000,693262000,2351213000,9129817000,8228266000,901551000,73696000,187731000,4.505683776936228,0.14038923738512843,0.017718744105337754,0.04284198177710906,3.8830242092060567
2018-06-30,2018-08-27,SYY,448928000,0.86,521298942,15315906000,813284000,2506957000,8327270000,7774945000,552325000,719242000,1034445000,4.809058292698396,0.17907287600066535,0.02484327411827649,0.050468490706115615,3.3216644721070208
2018-09-29,2018-11-06,SYY,431042000,0.83,520856598,15215279000,798061000,2638574000,8701759000,7911455000,790304000,166823000,271145000,5.065835798436022,0.1633617249317245,0.023246688262946954,0.04761712826340095,3.2979022002035947
2018-12-29,2019-02-05,SYY,267380000,0.52,517871327,14765707000,633988000,2167636000,8811984000,8067176000,744808000,527142000,646645000,4.185665216410022,0.12335096852054496,0.014695911482883314,0.03254274044658364,4.065250807792452
2019-03-30,2019-05-07,SYY,440083000,0.86,514185453,14658074000,689729000,2361897000,8677432000,8155811000,521621000,288355000,447435000,4.593473009046797,0.18632607603125792,0.024179323116529115,0.051018699529080024,3.673924815519051
2019-06-29,2019-08-26,SYY,535766000,1.04,514646741,15474862000,921902000,2502603000,8163337000,7649877000,513460000,736496000,1045982000,4.862758860839653,0.21408349626369025,0.02982024011102427,0.05971581256009082,3.2619384696653846
2019-09-28,2019-11-05,SYY,453781000,0.88,513496296,15303005000,879536000,2454748000,9343610000,8888128000,455482000,-4149000,171579000,4.780459020097781,0.18485848649229983,0.023937921275335866,0.045735409123088024,3.8063418322369547
2019-12-28,2020-02-05,SYY,383410000,0.75,509984743,15025042000,764830000,2527526000,9552143000,9027565000,524578000,365239000,582890000,4.956081597915567,0.15169379068701963,0.019791933051531915,0.038525935946870433,3.779246187774132
2020-03-28,2020-05-06,SYY,-3297000,-0.0065,508745253,13698699000,271551000,2028890000,11501282000,9260475000,2240807000,113514000,324000000,3.9880273831272484,-0.0016250264923184598,-0.00016136190426036537,0.000558862878360566,5.668755822149057
2020-06-27,2020-08-26,SYY,-618419000,-1.22,508296452,8866564000,-315317000,1158613000,15077542000,9018115000,6059427000,423653000,540211000,2.27940406713679,-0.5337580365488735,-0.027329491353866885,-0.048459609832525424,13.013441071349968
2020-09-26,2020-11-04,SYY,216900000,0.43,509127405,11777379000,615527000,1300011000,14403005000,8417473000,5985532000,855375000,930914000,2.5534099858560944,0.1668447420829516,0.0095376051192271,0.03497745136652932,11.079140868808032
2020-12-26,2021-02-03,SYY,67289000,0.13,510006754,11558982000,439067000,1426799000,14509322000,8742288000,5767034000,-82641000,5764000,2.7976080489318385,0.04716081241996946,0.002991971800969246,0.01856695874096931,10.169142254795524
2021-03-27,2021-05-05,SYY,88927000,0.17,511110670,11824589000,450726000,1395597000,13404972000,8509249000,4895723000,455883000,543106000,2.730518226121165,0.06371968412084578,0.004034199809003025,0.021702909970690163,9.605188317257776
2021-07-03,2021-08-30,SYY,151093000,0.29,512423938,16136893000,811104000,1552896000,11820247000,8813124000,3007123000,204549000,424058000,3.030490741827912,0.09729756532311243,0.0070559565142408265,0.05985243862091809,7.611744121950214
2021-10-02,2021-11-09,SYY,378013000,0.74,512516067,16456546000,849621000,1673292000,11924977000,9857104000,2067873000,25793000,110812000,3.2648576459164937,0.2259097635081026,0.017102442732992183,0.04107930149465139,7.126656315813379
2022-01-01,2022-02-09,SYY,167441000,0.33,511044400,16320203000,673517000,1221072000,11843110000,10468834000,1374276000,169880000,266235000,2.38936577722014,0.1371262300666955,0.007814573195893995,0.030681833101824887,9.698944861564264
2022-04-02,2022-05-11,SYY,303325000,0.6,508368159,16902139000,730811000,1321409000,11930609000,11054470000,876139000,222663000,368824000,2.599315036959268,0.22954664301514519,0.013587592544686302,0.03239444852942269,9.028702695380462
2022-07-02,2022-08-26,SYY,509989000,1.0,510593952,18957258000,997302000,1382260000,11389649000,10522563000,867086000,740148000,1045415000,2.7071609340174874,0.36895301896893495,0.02309137935843339,0.051415717337718665,8.239874553267837
2022-10-01,2022-11-02,SYY,465568000,0.92,507578576,19126830000,936009000,1115341000,11542048000,11104378000,437670000,-8654000,158606000,2.197376037399971,0.4174221157475606,0.02096119917105726,0.04605075688959732,10.348447694471915
2022-12-31,2023-02-01,SYY,141216000,0.28,507609696,18593953000,529835000,1436589000,11789874000,11289534000,500340000,202456000,344860000,2.8301055147693632,0.09829951363960047,0.006393558341468879,0.019306108634277487,8.206852481816302
2023-04-01,2023-05-02,SYY,429604000,0.84,507716975,18875676000,910650000,1575302000,11709841000,10951974000,757867000,757524000,922316000,3.102716823679177,0.2727121529713033,0.018923591556756172,0.042645376455955765,7.4333943586690046
2023-07-01,2023-08-25,SYY,733736000,1.45,506546404,19728216000,1323342000,2009000000,11166000000,10421000000,745000000,1122951000,1441820000,3.966072968114487,0.3652244897959184,0.032151790017965906,0.06738707123664783,5.557989049278248
2023-09-30,2023-11-01,SYY,503392000,1.0,505126492,19620454000,1028857000,2125799000,11698237000,11129133000,569104000,-84000000,87000000,4.208448841364669,0.2368013156464934,0.021630102947434105,0.045511320162780027,5.502983584054748
2023-12-30,2024-01-31,SYY,415242000,0.82,504312633,19287942000,939243000,2404034000,12969386000,12007221000,962165000,593000000,769000000,4.766951772949142,0.1727271744076831,0.016783828331413616,0.03644327460887705,5.3948430013885
2024-03-31,2024-03-31,SYY,424688000,0.85,499642505,19379500000,966208000,2100953000,13120421000,12522099000,598322000,334032000,517193000,4.204912470367188,0.20214064760135045,0.01718526048120089,0.037320292351952,6.244985489918147
2024-06-29,2024-08-28,SYY,611678000,1.23,497464115,20556104000,1227052000,1860000000,12945000000,12249000000,696000000,1313968000,1615807000,3.738963161192039,0.32885913978494624,0.024548621423124774,0.05226411499035556,6.959677419354839
2024-09-28,2024-10-30,SYY,490000000,1.0,492023827,20484000000,1071000000,2207000000,13410000000,12677000000,733000000,-69000000,53000000,4.485555127394267,0.22202084277299503,0.01893353941267388,0.04112593254920084,6.076121431807884
2024-12-28,2025-01-29,SYY,406000000,0.83,490698567,20151000000,965000000,2014000000,13690000000,12897000000,793000000,234000000,445000000,4.104352723736404,0.2015888778550149,0.016036021802670036,0.03540179549378847,6.797418073485601
2025-03-29,2025-04-30,SYY,401000000,0.82,487519382,19598000000,910000000,1922000000,14609000000,13082000000,1527000000,620000000,819000000,3.942407360534437,0.20863683662851196,0.01521994914031958,0.03434036455797893,7.600936524453694
2025-06-28,2025-08-22,SYY,531000000,1.1,482335556,21138000000,1117000000,1830000000,14494000000,13423000000,1071000000,996000000,1370000000,3.794039185450388,0.2901639344262295,0.019832673489205945,0.04287269641996485,7.920218579234973
