date,filingDate,symbol,netIncome,eps,weightedAverageShsOut,revenue,ebitda,totalStockholdersEquity,totalDebt,netDebt,cashAndCashEquivalents,freeCashFlow,operatingCashFlow,bookValuePerShare,ROE,ROA,ROIC,debtToEquity
2015-09-30,2015-11-09,TECH,22707000,0.15,148676000,112381000,42983000,837947000,168236000,119394000,48842000,25712000,31833000,5.63606096478248,0.027098372570102884,0.02012461003970505,0.024055773670854343,0.20077164784884963
2015-12-31,2016-02-09,TECH,25851000,0.17,148756000,120907000,48530000,856343000,166578000,104126000,62452000,33652000,38539000,5.7566955282476,0.03018767012750732,0.022807297700036967,0.027219323466524524,0.19452252193338418
2016-03-31,2016-05-10,TECH,30291000,0.2,148784000,130973000,56750000,852962000,161616000,95903000,65713000,34301000,37137000,5.732887944940316,0.0355127192067173,0.0264307609347228,0.032259992648287654,0.18947620175341925
2016-06-30,2016-08-29,TECH,25626000,0.17,148896000,134762000,48864000,879280000,133759000,69522000,64237000,33307000,36361000,5.905329894691596,0.02914429988172141,0.022687774400689857,0.027318428572454426,0.15212332817759985
2016-09-30,2016-11-09,TECH,16283000,0.11,149124000,130581000,49631000,895395000,379681000,310092000,69589000,23610000,26052000,6.004365494487809,0.018185270188017577,0.010730310904217989,0.016338427865453035,0.4240374359919365
2016-12-31,2017-02-09,TECH,6313000,0.0423,149232000,131807000,46332000,890573000,347254000,288318000,58936000,38777000,41630000,5.96770799828455,0.007088694582027526,0.00415322116412559,0.006767062306853577,0.3899219940420381
2017-03-31,2017-05-10,TECH,21389000,0.14,149280000,144037000,54170000,907925000,358215000,298375000,59840000,20923000,24939000,6.08202706323687,0.023558113280281963,0.013948459369870572,0.01963172258397327,0.39454250075722114
2017-06-30,2017-09-07,TECH,28810000,0.19,149376000,156578000,56024000,950827000,349903000,258291000,91612000,44959000,50827000,6.365326424592974,0.030299938895298514,0.018507657133606525,0.02832876811697776,0.3679985949073806
2017-09-30,2017-11-09,TECH,15863000,0.11,149504000,144613000,51305000,959810000,337500000,265036000,72464000,39423000,44696000,6.41996200770548,0.016527229347475022,0.010385758619335071,0.020233741973574994,0.3516320938519082
2017-12-31,2018-02-08,TECH,48847000,0.33,149796000,154153000,53177000,997819000,362500000,241042000,121458000,32847000,39182000,6.661185879462736,0.048953768168375225,0.03140433914397508,0.06815289544073974,0.36329234059483734
2018-03-31,2018-05-09,TECH,19738000,0.13,150012000,163973000,62100000,1058292000,392500000,305892000,86608000,18142000,21650000,7.05471562275018,0.01865080714963356,0.012197880295399068,0.026541436030408063,0.370880626518957
2018-06-30,2018-08-27,TECH,40901000,0.27,150340000,180254000,76476000,1079145000,339000000,217010000,121990000,59021000,64839000,7.17802979912199,0.037901301493311834,0.02567219975872488,0.033267139483880555,0.31413758114062523
2018-09-30,2018-11-07,TECH,17403000,0.12,150788000,162970000,48181000,1109469000,561473000,466799000,94674000,35258000,39448000,7.357806987293419,0.015685882165252026,0.009295491182022414,0.018287425416784804,0.506073626212179
2018-12-31,2019-02-07,TECH,17556000,0.12,151064000,174510000,53481000,1096425000,545369000,459483000,85886000,41959000,46563000,7.258016469840597,0.016012039127163282,0.009516313680595306,0.017418916328931434,0.49740657135690997
2019-03-31,2019-05-07,TECH,44654000,0.3,151088000,184861000,74312000,1146266000,522265000,426704000,95561000,34737000,39662000,7.586744149105157,0.038956053830437265,0.02384576032057793,0.03129848559352993,0.4556228658967465
2019-06-30,2019-08-28,TECH,16459000,0.11,151524000,191664000,48299000,1165589000,505160000,404274000,100886000,44254000,55946000,7.692438161611362,0.014120757831448307,0.008734298799093616,0.013059313640390794,0.43339461851475947
2019-09-30,2019-11-06,TECH,14398000,0.0946,152128000,183243000,54112000,1174224000,568186000,468295000,99891000,30014000,40539000,7.718657972233908,0.012261714970908447,0.007479371728619013,0.016751320935330542,0.48388212129883224
2019-12-31,2020-02-06,TECH,119622000,0.78,152668000,184934000,56664000,1323348000,464043000,353750000,110293000,55854000,70418000,8.668142636308854,0.09039345659645082,0.05985843781196598,0.07363844973341907,0.3506583302351309
2020-03-31,2020-05-11,TECH,36432000,0.24,153212000,194680000,68577000,1291268000,498883000,342667000,156216000,40187000,49469000,8.427982142390935,0.02821412750877432,0.018224911981959177,0.024433415136593382,0.3863512454424643
2020-06-30,2020-08-26,TECH,58847000,0.38,153216000,175834000,84734000,1381192000,433526000,286901000,146625000,27418000,44791000,9.014672096908939,0.04260595196033571,0.02902314029125232,0.037924132113675,0.31387815741765085
2020-09-30,2020-11-09,TECH,33395000,0.22,154144000,204199000,70316000,1439285000,399028000,229624000,169404000,55071000,66009000,9.337275534565082,0.02320249290446298,0.01626567876027229,0.02225631007810566,0.27724043535505477
2020-12-31,2021-02-08,TECH,46274000,0.3,154764000,224253000,76323000,1530854000,305119000,139593000,165526000,77824000,89269000,9.891538083792096,0.03022757232237692,0.022377658900528372,0.029380611579189062,0.19931293252001825
2021-03-31,2021-05-07,TECH,45782000,0.29,155424000,243552000,91528000,1547942000,292661000,106525000,186136000,64264000,74866000,9.959478587605517,0.029576043546851238,0.02196156462356606,0.02905154057904695,0.18906457735496549
2021-06-30,2021-08-25,TECH,14960000,0.0961,155628000,259028000,38948000,1571234000,420554000,221463000,199091000,110704000,122020000,10.09608810753849,0.009521178895059552,0.006610819383664824,0.011948141667264444,0.26765841370540605
2021-09-30,2021-11-08,TECH,69615000,0.45,156376000,257719000,87175000,1646955000,377283000,180962000,196321000,42364000,48434000,10.532018979894612,0.042268914451214515,0.03066487474379864,0.03964668256268661,0.22907911873730613
2021-12-31,2022-02-07,TECH,80173000,0.51,157240000,269276000,92987000,1702531000,351645000,139800000,211845000,90825000,100993000,10.827594759603155,0.047090478822412046,0.034784536580752035,0.04043004310910401,0.2065424946741058
2022-03-31,2022-05-09,TECH,60739000,0.39,157087000,290376000,111813000,1713322000,327226000,166405000,160821000,58028000,73128000,10.906835065918886,0.03545101271097902,0.026409500967871535,0.03315600250362392,0.19098920109588274
2022-06-30,2022-08-24,TECH,61524000,0.39,156807000,288229000,86526000,1701011000,325971000,153404000,172567000,89147000,102717000,10.847800161982564,0.03616907827168666,0.02681012112140247,0.03444600391138946,0.19163368138124914
2022-09-30,2022-11-07,TECH,89555000,0.57,156928000,269655000,85725000,1751154000,341532000,176275000,165257000,46525000,56081000,11.158964620717782,0.05114056216643425,0.03809682220901587,0.04825758480213897,0.19503253283263494
2022-12-31,2023-02-07,TECH,50005000,0.32,157011000,271581000,103001000,1827106000,289158000,124476000,164682000,58275000,64384000,11.636802517021101,0.027368417595913977,0.021158068393810445,0.02942944466027147,0.1582601118927966
2023-03-31,2023-05-08,TECH,70218000,0.45,157311000,294146000,105849000,1889686000,473990000,346708000,127282000,38787000,50535000,12.012421254712004,0.03715855438416753,0.027010081178722434,0.03193306618905895,0.2508300320794037
2023-06-30,2023-08-23,TECH,75484000,0.48,157504000,301320000,110385000,1966516000,454965000,274394000,180571000,72562000,83393000,12.48549878098334,0.038384635568691025,0.02860659751119115,0.03509650659583792,0.23135585980485285
2023-09-30,2023-11-07,TECH,50993000,0.32,158130000,276935000,84084000,1997746000,549530000,400867000,148663000,45791000,59383000,12.633567318029469,0.025525266975881818,0.01850683758202195,0.02335836650807567,0.27507500953574676
2023-12-31,2024-02-07,TECH,27465000,0.17,157533000,272598000,77939000,1963559000,555699000,425567000,130132000,68252000,83116000,12.46442967505221,0.013987356631504324,0.010057665413166259,0.012986400091402176,0.28300601102386025
2024-03-31,2024-05-06,TECH,49059000,0.31,157309000,303428000,99331000,2014375000,494730000,354815000,139915000,64545000,80986000,12.805211399220642,0.024354452373565,0.018028642091453308,0.02206474594839329,0.24559975178405213
2024-06-30,2024-08-22,TECH,40588000,0.26,157868000,306098000,96757000,2068850000,419538000,267747000,151791000,57516000,75496000,13.104935769123571,0.01961862870676946,0.014427749281065267,0.01841668864746652,0.20278802233124682
2024-09-30,2024-11-05,TECH,33600000,0.21,158531000,289458000,73865000,2138650000,398918000,211378000,187540000,54717000,63889000,13.490421431770443,0.015710845626914174,0.012280625449330175,0.01507218605340884,0.1865279498749211
2024-12-31,2025-02-06,TECH,34890000,0.22,158431000,297031000,74923000,2078492000,395127000,217578000,177549000,77525000,84346000,13.119225404119144,0.0167862084626739,0.013065340934623117,0.01595679474763612,0.1901027283241889
2025-03-31,2025-05-08,TECH,22588000,0.14,157372000,316181000,67852000,2018025000,423499000,282829000,140670000,30997000,41120000,12.823278601021784,0.011193121988082408,0.008542279708606456,0.010332016918470376,0.20985815339254965
2025-06-30,2025-08-22,TECH,-17678000,-0.11,154913000,316964000,6430000,1918808000,444058000,281872000,162186000,93311000,98201000,12.386358794936513,-0.009213011411251151,-0.006911224504157368,-0.007267592030140753,0.23142388399464667
