date,filingDate,symbol,netIncome,eps,weightedAverageShsOut,revenue,ebitda,totalStockholdersEquity,totalDebt,netDebt,cashAndCashEquivalents,freeCashFlow,operatingCashFlow,bookValuePerShare,ROE,ROA,ROIC,debtToEquity
2015-09-25,2015-11-10,TEL,1040000000,2.6,400000000,2984000000,581000000,9585000000,3884000000,555000000,3329000000,449000000,624000000,23.9625,0.10850286906624934,0.05046583850931677,0.014518391996583908,0.40521648408972355
2015-12-25,2016-01-22,TEL,353000000,0.92,385000000,2833000000,558000000,8577000000,3870000000,1647000000,2223000000,227000000,366000000,22.277922077922078,0.041156581555322376,0.018363418821203768,0.03417889536169899,0.45120671563483733
2016-03-25,2016-04-21,TEL,380000000,1.04,364000000,2952000000,695000000,7406000000,3884000000,2734000000,1150000000,23000000,154000000,20.346153846153847,0.051309748852281935,0.021299254526091587,0.04072826289366974,0.5244396435322711
2016-06-24,2016-07-22,TEL,839000000,2.35,357000000,3121000000,452000000,8265000000,4036000000,3342000000,694000000,568000000,718000000,23.15126050420168,0.10151240169388989,0.04794285714285714,0.05888272201136942,0.48832425892317
2016-09-30,2016-11-15,TEL,429000000,1.23,355000000,3332000000,670000000,8485000000,4070000000,3423000000,647000000,476000000,684000000,23.901408450704224,0.05055981143193872,0.024363925488414356,0.03924961858227323,0.47967000589275194
2016-12-30,2017-01-26,TEL,406000000,1.15,356000000,3063000000,651000000,8837000000,4028000000,3363000000,665000000,274000000,404000000,24.823033707865168,0.04594319339142243,0.023048538177689468,0.035521382751247325,0.45581079551884124
2017-03-31,2017-04-26,TEL,405000000,1.14,356000000,3227000000,629000000,8753000000,3952000000,3179000000,773000000,362000000,521000000,24.587078651685392,0.0462698503370273,0.02243021710234825,0.036472972311261946,0.45150234205415285
2017-06-30,2017-07-26,TEL,435000000,1.23,355000000,3367000000,692000000,9141000000,3991000000,3236000000,755000000,360000000,523000000,25.749295774647887,0.04758779127010174,0.023488120950323974,0.03712394775726348,0.43660431025051966
2017-09-29,2017-11-14,TEL,434000000,1.23,353000000,3456000000,489000000,9751000000,4344000000,3126000000,1218000000,623000000,873000000,27.623229461756374,0.04450825556353195,0.022367675101788383,0.026118123547649058,0.4454927699723105
2017-12-29,2018-01-24,TEL,-40000000,-0.11,352000000,3480000000,754000000,9631000000,4005000000,3301000000,704000000,109000000,350000000,27.360795454545453,-0.0041532551136953585,-0.0021264153952474615,-0.0031008213537643448,0.4158446682587478
2018-03-30,2018-04-25,TEL,490000000,1.4,351000000,3745000000,793000000,9480000000,4010000000,3451000000,559000000,171000000,377000000,27.00854700854701,0.05168776371308017,0.025458513015015328,0.03969685252494007,0.4229957805907173
2018-06-29,2018-07-26,TEL,455000000,1.3,349000000,3764000000,723000000,9492000000,4008000000,3238000000,770000000,561000000,800000000,27.197707736389685,0.04793510324483776,0.023930994582653974,0.03739022545903048,0.4222503160556258
2018-09-28,2018-11-13,TEL,1661000000,4.79,347000000,3509000000,744000000,10831000000,4000000000,3152000000,848000000,662000000,924000000,31.213256484149856,0.1533561074693011,0.08147748454821936,0.12563686045771436,0.3693103129904903
2018-12-28,2019-01-24,TEL,372000000,0.81,342000000,3347000000,656000000,10236000000,3967000000,3462000000,505000000,87000000,297000000,29.92982456140351,0.03634232121922626,0.01938711694809256,0.02959787343276359,0.3875537319265338
2019-03-29,2019-04-26,TEL,429000000,1.3,338000000,3412000000,708000000,9994000000,3982000000,3417000000,565000000,365000000,556000000,29.568047337278106,0.042925755453271965,0.02227183054719136,0.032911416001789574,0.39843906343806285
2019-06-28,2019-07-26,TEL,757000000,2.25,337000000,3389000000,700000000,10622000000,4036000000,3490000000,546000000,522000000,691000000,31.519287833827892,0.07126718132178497,0.0383329957464047,0.05507430392559883,0.37996610807757486
2019-09-27,2019-11-12,TEL,372000000,1.11,336000000,3300000000,625000000,10570000000,3965000000,3038000000,927000000,699000000,878000000,31.458333333333332,0.035193945127719964,0.018889001726414136,0.028452774448197788,0.3751182592242195
2019-12-27,2020-01-29,TEL,26000000,0.08,335000000,3168000000,656000000,10557000000,3973000000,3231000000,742000000,235000000,411000000,31.513432835820897,0.0024628208771431278,0.001301561874249099,0.0017107074298341454,0.37633797480344794
2020-03-27,2020-05-04,TEL,-456000000,-1.37,334000000,3195000000,-219000000,9066000000,4355000000,3559000000,796000000,348000000,481000000,27.143712574850298,-0.05029781601588352,-0.023545205762379305,-0.03484143926587781,0.4803662033973086
2020-06-26,2020-07-30,TEL,-41000000,-0.13,322222222,2548000000,316000000,9036000000,4086000000,3612000000,474000000,250000000,380000000,28.04275864002949,-0.004537405931828243,-0.002176220806794055,-0.005055108149431986,0.45219123505976094
2020-09-25,2020-11-10,TEL,230000000,0.7,330000000,3261000000,530000000,9383000000,4262000000,3317000000,945000000,599000000,720000000,28.433333333333334,0.024512416071618887,0.011953019436648997,0.01859202317811164,0.454225727379303
2020-12-25,2021-01-28,TEL,381000000,1.15,331000000,3522000000,637000000,9861000000,4201000000,3103000000,1098000000,498000000,640000000,29.79154078549849,0.03863705506540919,0.01879996052501727,0.029923714477226054,0.42602170165297637
2021-03-26,2021-04-23,TEL,506000000,1.53,331000000,3738000000,817000000,9669000000,4521000000,2773000000,1748000000,438000000,580000000,29.211480362537763,0.05233219567690557,0.02413316163495016,0.04145191133668734,0.46757679180887374
2021-06-25,2021-07-29,TEL,580000000,1.76,330000000,3845000000,929000000,10046000000,4134000000,2718000000,1416000000,512000000,682000000,30.44242424242424,0.057734421660362335,0.02754297654098205,0.04642256257070529,0.4115070674895481
2021-09-24,2021-11-09,TEL,794000000,2.42,328000000,3818000000,850000000,10634000000,4210000000,3007000000,1203000000,538000000,774000000,32.420731707317074,0.07466616513071281,0.03699562016587457,0.05950655139825559,0.3958999435772052
2021-12-24,2022-01-28,TEL,566000000,1.73,327000000,3818000000,887000000,11020000000,4003000000,3021000000,982000000,360000000,532000000,33.70030581039755,0.05136116152450091,0.026437479564669065,0.04109751595796105,0.3632486388384755
2022-03-25,2022-04-29,TEL,560000000,1.72,325000000,4007000000,908000000,10442000000,4051000000,3302000000,749000000,234000000,413000000,32.129230769230766,0.05362957287875886,0.02610600904386742,0.04179880374131909,0.3879524995211645
2022-06-24,2022-07-29,TEL,594000000,1.84,322000000,4097000000,931000000,10434000000,4202000000,3382000000,820000000,374000000,579000000,32.40372670807454,0.056929269695227144,0.02782462057335582,0.04393824894742524,0.4027218708069772
2022-09-30,2022-11-15,TEL,708000000,2.22,319000000,4359000000,891000000,10802000000,4332000000,3244000000,1088000000,732000000,944000000,33.86206896551724,0.06554341788557674,0.034067943412568566,0.051797380910575154,0.4010368450286984
2022-12-30,2023-01-27,TEL,397000000,1.25,317000000,3841000000,693000000,11364000000,4218000000,3425000000,793000000,398000000,581000000,35.84858044164038,0.03493488208377332,0.018592235283098394,0.02807715124015969,0.37117212249208026
2023-03-31,2023-04-28,TEL,433000000,1.37,316000000,4160000000,752000000,11020000000,4202000000,3297000000,905000000,445000000,634000000,34.87341772151899,0.03929219600725953,0.02014890646812471,0.03081584662921535,0.3813067150635209
2023-06-30,2023-07-28,TEL,528000000,1.68,315000000,3998000000,844000000,11349000000,4206000000,3075000000,1131000000,613000000,779000000,36.02857142857143,0.04652392281258261,0.024330676005714022,0.03777891548274243,0.37060533967750464
2023-09-29,2023-11-13,TEL,552000000,1.76,313000000,4035000000,876000000,11551000000,4329000000,2668000000,1661000000,944000000,1138000000,36.90415335463259,0.047788070296943985,0.025423728813559324,0.04005714573493546,0.37477274694831614
2023-12-29,2024-01-26,TEL,1803000000,5.8,311000000,3831000000,911000000,13136000000,4198000000,3028000000,1170000000,568000000,719000000,42.237942122186496,0.1372563946406821,0.07815005851501886,0.1144800133396633,0.3195797807551766
2024-03-29,2024-04-26,TEL,541000000,1.76,308000000,3967000000,898000000,12449000000,4196000000,3020000000,1176000000,543000000,710000000,40.41883116883117,0.0434573058076954,0.023703119523308797,0.035940406897280494,0.33705518515543414
2024-06-28,2024-07-29,TEL,573000000,1.87,306000000,3979000000,980000000,12632000000,4202000000,2733000000,1469000000,857000000,1006000000,41.28104575163399,0.045360987967067765,0.025024019565027512,0.03818282102784499,0.33264724509183025
2024-09-27,2024-11-12,TEL,276000000,0.91,303000000,4068000000,904000000,12355000000,4331000000,3012000000,1319000000,829000000,1042000000,40.775577557755774,0.02233913395386483,0.012076660540824364,0.018370623404894492,0.35054633751517605
2024-12-27,2025-01-24,TEL,528000000,1.77,299000000,3836000000,898000000,12409000000,4205000000,2951000000,1254000000,673000000,878000000,41.50167224080268,0.042549762269320654,0.023528363263669177,0.0346671388101983,0.3388669514062374
2025-03-28,2025-04-28,TEL,13000000,0.0436,298000000,4143000000,961000000,12085000000,5614000000,3060000000,2554000000,423000000,653000000,40.553691275167786,0.0010757136946628052,0.0005495434562056138,0.0008742858767018161,0.4645428216797683
2025-06-27,2025-07-25,TEL,638000000,2.16,296000000,4534000000,1090000000,12381000000,5697000000,5025000000,672000000,957000000,1187000000,41.8277027027027,0.051530571036265245,0.025657524330411,0.037867163003763,0.460140537921008
