date,filingDate,symbol,netIncome,eps,weightedAverageShsOut,revenue,ebitda,totalStockholdersEquity,totalDebt,netDebt,cashAndCashEquivalents,freeCashFlow,operatingCashFlow,bookValuePerShare,ROE,ROA,ROIC,debtToEquity
2015-10-04,2015-11-13,TER,71453000,0.34,210032000,465994000,124981000,2045605000,0,-294217000,294217000,158532000,179149000,9.73949207739773,0.03493000848159836,0.026843017952698164,0.04103503754282432,0.0
2015-12-31,2016-02-29,TER,-641000,-0.0031,205113000,318445000,27988000,1965786000,0,-264705000,264705000,17577000,40728000,9.583917157859327,-0.00032607822011144653,-0.00025150333075159867,-0.0003444000803628751,0.0
2016-04-03,2016-05-13,TER,49986000,0.24,204271000,430994000,94564000,1995901000,0,-319358000,319358000,6414000,26748000,9.770848529649339,0.025044328350955283,0.019610243180197207,0.030185054832205405,0.0
2016-07-03,2016-08-12,TER,-223546000,-1.1,203018000,531792000,-197440000,1745579000,0,-381095000,381095000,154423000,180682000,8.59814893260696,-0.12806409792968407,-0.09284019240337263,-0.16334142964801143,0.0
2016-10-02,2016-11-10,TER,63794000,0.32,202211000,410475000,85678000,1782144000,0,-297937000,297937000,181647000,201306000,8.813289089119781,0.0357962095094448,0.026966373827137742,0.04343775772834725,0.0
2016-12-31,2017-03-01,TER,66345000,0.33,200810000,379989000,85785000,1828659000,352669000,44785000,307884000,18043000,37063000,9.106414023206016,0.03628068437035008,0.02401635044867082,0.036377979519911154,0.19285662335077233
2017-04-02,2017-05-12,TER,85221000,0.43,200005000,456913000,124631000,1919853000,355937000,31191000,324746000,-83187000,-61121000,9.59902502437439,0.044389336058541985,0.02998332324753367,0.04624400305818854,0.1853980487047706
2017-07-02,2017-08-11,TER,174976000,0.88,198774000,696901000,240059000,2048648000,359245000,-239104000,598349000,206412000,230313000,10.306418344451487,0.08541047559170731,0.05774356689684759,0.09927114074695637,0.17535711356953465
2017-10-01,2017-11-09,TER,103420000,0.52,197485000,503378000,159479000,2109897000,362595000,-56082000,418677000,282550000,309830000,10.683834215256855,0.04901661076346381,0.03347654683366313,0.05247774676904437,0.17185436066310347
2017-12-31,2018-03-01,TER,-105923000,-0.54,195028722,479415000,129982000,1953646000,365987000,-63856000,429843000,115345000,147473000,10.017221976155902,-0.05421811320986504,-0.0340638260581532,-0.05912513593442725,0.18733537191487096
2018-04-01,2018-05-11,TER,86974000,0.45,195255000,487467000,128250000,1904983000,369421000,-268452000,637873000,-116727000,-81930000,9.756385239814602,0.04565605047394124,0.029037861667011108,0.05696679290715497,0.19392351532795832
2018-07-01,2018-08-10,TER,101037000,0.53,190730000,526929000,153444000,1739940000,372897000,-107487000,480384000,103985000,131851000,9.12252922980129,0.05806924376702645,0.03446338668085629,0.06480089918838197,0.21431601089692748
2018-09-30,2018-11-09,TER,119981000,0.65,185744000,566848000,175907000,1667760000,376417000,-437602000,814019000,214978000,240584000,8.978809544319063,0.07194140643737708,0.0416241252779284,0.10138116432032517,0.22570213939655587
2018-12-31,2019-03-01,TER,143791000,0.8,178958000,519558000,154693000,1522354000,379981000,-546771000,926752000,160266000,186376000,8.506766950904682,0.0944530641361996,0.05312594444850857,0.16487006762283235,0.24960094695451912
2019-03-31,2019-05-10,TER,109138000,0.63,173532000,494099000,129092000,1470228000,438828000,-44900000,483728000,-7695000,18016000,8.472373971371274,0.0742320238765688,0.041709167051065046,0.08106792752359553,0.2984761547188599
2019-06-30,2019-08-09,TER,97397000,0.57,171241000,564178000,166242000,1479412000,451744000,-43363000,495107000,112013000,145258000,8.6393562289405,0.06583493982744495,0.03645760418998366,0.07082168853328223,0.3053537486514913
2019-09-29,2019-11-08,TER,135860000,0.8,169641000,582038000,186695000,1482635000,456141000,-137798000,593939000,162056000,199148000,8.739838836130417,0.09163415135889817,0.05034106012655296,0.10466064510258825,0.30765562663770923
2019-12-31,2020-03-02,TER,136783000,0.82,167286000,654650000,187131000,1480158000,460012000,-313912000,773924000,177734000,216328000,8.848068577167247,0.09241108043870992,0.04907869138798729,0.11153002951087035,0.31078574044122315
2020-03-29,2020-05-04,TER,176191000,1.06,166589000,704355000,234500000,1550673000,464385000,-129109000,593494000,6402000,43102000,9.308375703077633,0.11362227884279923,0.06247048278463814,0.12743282236359318,0.2994731964766266
2020-06-28,2020-08-03,TER,188908000,1.14,165789000,838661000,255993000,1744551000,465887000,-259544000,725431000,175583000,222897000,10.522718636338961,0.10828459586449464,0.05814004663933062,0.1307479701017545,0.26705266856629584
2020-09-27,2020-11-02,TER,222718000,1.34,166014000,819484000,300117000,1993544000,468626000,-476554000,945180000,279654000,342512000,12.008288457599962,0.11171963096876718,0.0648093182855174,0.15028779331760925,0.23507181180851788
2020-12-31,2021-02-22,TER,196330000,1.18,166085000,758969000,261332000,2210805000,472757000,-441364000,914121000,222319000,260423999,13.311286389499353,0.08880475663841904,0.05375449094910504,0.11411816287449221,0.2138393028783633
2021-04-04,2021-05-07,TER,205512000,1.23,166491000,781606000,263729000,2325786000,426657000,-404492000,831149000,-1111000,38139000,13.969439789538173,0.08836238587729052,0.055249364400571335,0.1098325543701509,0.18344637038833322
2021-07-04,2021-08-06,TER,328319000,1.98,165995000,1085728000,421051000,2514642000,426984000,-527457000,954441000,171577000,206284000,15.148902075363715,0.13056291909544182,0.08206083497753767,0.16761277551349593,0.16979912051099122
2021-10-03,2021-11-05,TER,256718000,1.56,164583000,950501000,331841000,2540374000,214096000,-865358000,1079454000,493455000,522659999,15.43521505866341,0.10105519895889345,0.06823646490254857,0.15521126134931434,0.08427735443678766
2021-12-31,2022-02-23,TER,224040000,1.41,162769000,885046000,287640000,2563956000,184581000,-937618000,1122199000,301973000,331283000,15.752114960465445,0.08738059467479162,0.05881202543690977,0.1390885915589907,0.07199070498869715
2022-04-03,2022-05-06,TER,161928000,0.92,175575000,755370000,209107000,2474532000,170332000,-624271000,794603000,-36537000,7462000,14.093874412644169,0.06543782824388612,0.04486591594595298,0.08800735846538447,0.06883402598956086
2022-07-03,2022-08-05,TER,197787000,1.16,170506034,840766000,266324000,2298596000,149798000,-422225000,572023000,69711000,115455000,13.481024372427783,0.08604687383080803,0.056698063825920346,0.10581268572583889,0.06516934685347055
2022-10-02,2022-11-04,TER,183485000,1.1,166733000,827073000,255335000,2254125000,133742000,-577004000,710746000,232675000,271604000,13.519369291022173,0.08139965618588144,0.055268131085639174,0.10978152686333008,0.05933211334775135
2022-12-31,2023-02-22,TER,172301000,1.11,155762000,731836000,224013000,2451294000,132885000,-721888000,854773000,148825000,183402000,15.73743274996469,0.07028981427768353,0.04921125357443566,0.10014812028050381,0.05421014370369283
2023-04-02,2023-05-05,TER,83531000,0.54,155904000,617529000,125677000,2449462000,120176000,-529032000,649208000,-22108000,19336000,15.711348009031198,0.03410177418551502,0.024688427966248223,0.043938187828636815,0.04906220223053062
2023-07-02,2023-08-04,TER,120050000,0.78,154760000,684437000,172652000,2434883000,118097000,-495111000,613208000,103510000,142768000,15.733283794262084,0.049304217081477836,0.035361907993646934,0.062336589486753816,0.0485021251534468
2023-10-01,2023-11-03,TER,128116000,0.83,153762000,703732000,173373000,2441300000,110919000,-526042000,636961000,139743000,174347000,15.877134792731624,0.05247859746856183,0.03800922966011057,0.067338767429881,0.045434399705075165
2023-12-31,2024-02-22,TER,117054000,0.77,152812000,670599000,168562000,2525897000,82614000,-674957000,757571000,204444000,248780000,16.52944140512525,0.04634155707853487,0.03357037808618961,0.06360760486458955,0.032706796832966664
2024-03-31,2024-05-03,TER,64197000,0.42,153047000,599819000,101683000,2557829000,82954000,-624449000,707403000,-36744000,7279000,16.712702633831437,0.025098237606970598,0.01882212553361167,0.03350560782445062,0.03243140960556785
2024-06-30,2024-08-02,TER,186273000,1.18,157804000,729879000,251137000,2730812000,80163000,-341741000,421904000,171223000,216069000,17.305087323515245,0.06821157955948634,0.05129077078375838,0.07851251343091104,0.029355005031470493
2024-09-29,2024-11-01,TER,145649000,0.89,163002000,737298000,190081000,2902542000,79462000,-430574000,510036000,114430000,166271000,17.80678764677734,0.05017980790631109,0.038636474567926384,0.05962286102934606,0.02737669256810065
2024-12-31,2025-01-30,TER,146253000,0.90014,162478000,752884000,189514000,2819294000,76621000,-476733000,553354000,225172000,282557000,17.351850712096407,0.05187575329142686,0.03943496317052218,0.06520137437386006,0.027177371356091277
2025-03-30,2025-05-02,TER,98896000,0.61,161501000,685680000,150121000,2797499000,68763000,-406869000,475632000,97616000,161637000,17.321867976049685,0.03535157653318196,0.026686548814748193,0.04369440541509535,0.024580169644385932
2025-06-29,2025-08-01,TER,78372000,0.49,159967000,651797000,128753000,2837301000,74461000,-264791000,339252000,131681000,182089000,17.736789462826707,0.027622025297985655,0.020833300105107522,0.030719172058943388,0.026243602635039425
