date,filingDate,symbol,netIncome,eps,weightedAverageShsOut,revenue,ebitda,totalStockholdersEquity,totalDebt,netDebt,cashAndCashEquivalents,freeCashFlow,operatingCashFlow,bookValuePerShare,ROE,ROA,ROIC,debtToEquity
2015-10-02,2015-11-10,TRMB,37100000,0.15,254800000,562300000,101500000,2202200000,759400000,635800000,123600000,63100000,72400000,8.642857142857142,0.016846789574062302,0.010079604423071698,0.010355672760143136,0.34483698120061756
2016-01-01,2016-02-24,TRMB,24000000,0.1,250500000,559700000,88000000,2219700000,729700000,613700000,116000000,70300000,78500000,8.861077844311378,0.010812271928639006,0.006400170671217899,0.008513605202086482,0.32873811776366174
2016-04-01,2016-05-10,TRMB,19800000,0.08,251000000,583000000,83000000,2285900000,674900000,500200000,174700000,108300000,113200000,9.107171314741036,0.00866179622905639,0.0052777481607847315,0.014979622356901751,0.29524476136313926
2016-07-01,2016-08-10,TRMB,35700000,0.14,250500000,609600000,95600000,2244800000,725000000,493100000,231900000,72000000,79300000,8.961277445109781,0.015903421240199573,0.009567454574690465,0.016511802050932847,0.32296863863150393
2016-09-30,2016-11-07,TRMB,39200000,0.16,249700000,584100000,106600000,2319900000,669800000,456300000,213500000,81700000,89500000,9.290748898678414,0.016897280055174792,0.010670150797539333,0.014583847005380748,0.2887193413509203
2016-12-30,2017-02-24,TRMB,37700000,0.15,250700000,585500000,103700000,2305800000,619900000,403800000,216100000,118800000,125100000,9.19744714798564,0.016350073727122907,0.009673115410273516,0.019830687816399864,0.26884378523722785
2017-03-31,2017-05-08,TRMB,50500000,0.2,252000000,613900000,100400000,2421000000,648100000,367300000,280800000,97200000,102900000,9.607142857142858,0.020859149111937217,0.012505262115246515,0.01853157753223688,0.26769929781082197
2017-06-30,2017-08-08,TRMB,49900000,0.2,253000000,661900000,106900000,2517800000,612300000,227400000,384900000,135900000,145800000,9.951778656126482,0.01981888950671221,0.01193580022484273,0.022797053498604045,0.2431884978949877
2017-09-29,2017-11-07,TRMB,55700000,0.22,252600000,670000000,118800000,2557500000,695800000,440800000,255000000,50500000,61300000,10.124703087885985,0.021779081133919843,0.012958913033362803,-0.013604038143817316,0.27206256109481913
2017-12-29,2018-02-27,TRMB,-35000000,-0.14,249386952,708400000,113700000,2366000000,913900000,555400000,358500000,84600000,101900000,9.487264594340123,-0.014792899408284023,-0.007488713439031174,0.02295494273811954,0.3862637362637363
2018-03-30,2018-05-09,TRMB,58500000,0.24,248800000,742200000,116600000,2499700000,1122300000,847800000,274500000,64700000,82900000,10.047025723472668,0.02340280833700044,0.012041248996562583,0.02364564238350646,0.44897387686522383
2018-06-29,2018-08-03,TRMB,64100000,0.26,249500000,785500000,143600000,2517400000,1286600000,715600000,571000000,167100000,184900000,10.089779559118236,0.025462779057758005,0.011085745909861298,0.030869065260599907,0.5110828632716294
2018-09-28,2018-11-05,TRMB,73700000,0.29,250500000,795200000,138800000,2648400000,2012700000,1807300000,205400000,99900000,117000000,10.572455089820359,0.02782812264008458,0.012758811716640122,0.025897825521572496,0.7599682827367468
2018-12-28,2019-02-22,TRMB,86500000,0.34,251400000,785500000,184700000,2674400000,1968500000,1796000000,172500000,87400000,101900000,10.638027048528242,0.03234370326054442,0.01461123967500549,0.018023519243363435,0.7360529464552797
2019-03-29,2019-05-07,TRMB,62300000,0.25,251500000,801600000,144500000,2741700000,1989700000,1773000000,216700000,133100000,147600000,10.901391650099404,0.022723127986285882,0.01060227021323667,0.02469422148384217,0.7257176204544625
2019-06-28,2019-08-02,TRMB,94600000,0.38,251700000,854800000,166200000,2824000000,1852000000,1652400000,199600000,153900000,177900000,11.219705999205404,0.0334985835694051,0.01629938489636279,0.02180329136927544,0.6558073654390935
2019-09-27,2019-11-04,TRMB,78100000,0.31,250400000,783900000,145500000,2786800000,1859300000,1674700000,184600000,121200000,137300000,11.129392971246006,0.028024974881584612,0.011760808348517476,0.07942439216201055,0.6671809961245874
2020-01-03,2020-02-28,TRMB,279300000,1.12,249500000,824000000,175300000,3119000000,1957300000,1768100000,189200000,107800000,122200000,12.501002004008017,0.08954793202949664,0.04165113261851858,0.01593618670280217,0.6275408784866945
2020-04-03,2020-05-08,TRMB,61900000,0.25,249900000,792300000,153400000,3101300000,2080300000,1863500000,216800000,139000000,155700000,12.410164065626251,0.019959371876309934,0.009315274642588413,0.015474396295575416,0.6707832199400251
2020-07-03,2020-08-07,TRMB,63000000,0.25,250000000,733600000,152600000,3211900000,1944800000,1748400000,196400000,134600000,147500000,12.8476,0.01961455836109468,0.009510438838820705,0.020571637557392417,0.6054983031850306
2020-10-02,2020-11-06,TRMB,84700000,0.34,250700000,792100000,164300000,3350000000,1781700000,1597700000,184000000,165000000,180500000,13.36258476266454,0.02528358208955224,0.012316596140702933,0.04161745419047382,0.5318507462686567
2021-01-01,2021-02-26,TRMB,180300000,0.72,250800000,829700000,195400000,3596900000,1656400000,1418700000,237700000,176600000,188300000,14.341706539074961,0.050126497817565126,0.026590959368778113,0.025659070338099714,0.46050765937334925
2021-04-02,2021-05-07,TRMB,114500000,0.46,251100000,886500000,206500000,3673600000,1491300000,1226700000,264600000,217600000,228200000,14.630027877339705,0.031168336236933797,0.01644595099250237,0.031242557885015385,0.4059505662020906
2021-07-02,2021-08-09,TRMB,138900000,0.55,251500000,945200000,230800000,3838600000,1478200000,993800000,484400000,189800000,200600000,15.262823061630218,0.03618506747251602,0.019833223862695263,0.028263803457696496,0.38508831344761113
2021-10-01,2021-11-04,TRMB,124000000,0.49,251800000,901400000,223300000,3881800000,1450400000,937200000,513200000,156400000,166400000,15.416203335980937,0.03194394353135144,0.017465772719589837,0.027167599181830177,0.3736410943376784
2021-12-31,2022-02-23,TRMB,115300000,0.46,251200000,926000000,185200000,3944700000,1414600000,1088900000,325700000,140600000,155300000,15.70342356687898,0.029229092199660304,0.01606431298241703,0.02608961640591112,0.3586077521738028
2022-04-01,2022-05-05,TRMB,110300000,0.44,250800000,993700000,209500000,3987900000,1421500000,1064300000,357200000,138500000,153000000,15.900717703349283,0.027658667469094008,0.015940458125587108,0.021053129515582945,0.35645327114521425
2022-07-01,2022-08-05,TRMB,168000000,0.67,249200000,941200000,182600000,3894500000,1408500000,1058400000,350100000,34800000,48800000,15.62800963081862,0.04313775837719861,0.023736524577193156,0.01917451708067091,0.3616638849659777
2022-09-30,2022-11-02,TRMB,85800000,0.35,247500000,884900000,171600000,3844800000,1692100000,1383400000,308700000,75200000,83300000,15.534545454545455,0.02231585518102372,0.011803549319026,0.020722039739652195,0.4401009155222638
2022-12-30,2023-02-17,TRMB,85600000,0.35,246900000,856500000,160800000,4050200000,1625100000,1354100000,271000000,99500000,106100000,16.40421223167274,0.021134758777344328,0.010682774026881654,0.021399130792234558,0.4012394449656807
2023-03-31,2023-05-03,TRMB,128800000,0.52,247200000,915400000,188700000,4245200000,2186500000,1148400000,1038100000,202300000,208700000,17.173139158576053,0.030340148874022425,0.013478019735671755,0.014438497156049685,0.5150522943559785
2023-06-30,2023-08-04,TRMB,44600000,0.18,248100000,993600000,172600000,4331300000,3300600000,3063300000,237300000,129800000,142400000,17.45787988714228,0.010297139426961883,0.004779920048870932,0.016099262577136928,0.7620344931083046
2023-09-29,2023-11-03,TRMB,74900000,0.3,248600000,957300000,194700000,4343000000,3157800000,2941000000,216800000,133900000,147100000,17.46983105390185,0.01724614321897306,0.007851729162517166,0.015597441612559357,0.7271010822012434
2023-12-29,2024-02-26,TRMB,63000000,0.25,247800000,932400000,175000000,4500100000,3188500000,2958700000,229800000,89100000,98900000,18.160209846650524,0.013999688895802316,0.0067587864223490534,0.012417143012464453,0.7085398102264394
2024-03-31,2024-03-31,TRMB,57200000,0.23,245500000,953300000,183600000,4349100000,3145700000,2890600000,255100000,227000000,233800000,17.715274949083504,0.013152146421098618,0.005959699097709892,0.006945067380316914,0.7232990733715021
2024-06-30,2024-06-30,TRMB,1316400000,5.34,246400000,870800000,130200000,5633400000,1901400000,957300000,944100000,73300000,87600000,22.862824675324674,0.23367770795611886,0.13341846818085074,0.00734841369664509,0.33752263286825007
2024-09-27,2025-01-16,TRMB,40600000,0.17,245600000,875800000,140600000,5875100000,1912000000,875100000,1036900000,88500000,94900000,23.92141693811075,0.006910520671988562,0.004278954080288355,0.015179766846565903,0.32544126908478155
2025-01-03,2025-04-25,TRMB,90200000,0.37,248200000,983400000,163900000,5745300000,1514000000,775200000,738800000,109000000,115100000,23.147864625302176,0.015699789393069118,0.010136084235130184,0.01207622966882226,0.2635197465754617
2025-04-04,2025-05-12,TRMB,66700000,0.27,243300000,840600000,150900000,5419100000,1391000000,1101000000,290000000,149000000,155600000,22.27332511302918,0.012308316879186581,0.007330314752945314,0.016023286968413635,0.25668468933955824
