date,filingDate,symbol,netIncome,eps,weightedAverageShsOut,revenue,ebitda,totalStockholdersEquity,totalDebt,netDebt,cashAndCashEquivalents,freeCashFlow,operatingCashFlow,bookValuePerShare,ROE,ROA,ROIC,debtToEquity
2015-09-26,2015-11-05,TSCO,87312000,0.128,677625000,1475645000,169357000,1337260000,201286000,149934000,51352000,-56415000,10039000,1.9734513927319683,0.06529171589668427,0.03577501468909516,0.059040881938051834,0.1505212150217609
2015-12-26,2016-02-23,TSCO,111712000,0.166,671690000,1646610000,206113000,1393294000,167870000,104057000,63813000,112698000,185726000,2.07431106611681,0.08017833996270708,0.04711944275961205,0.07478379187209871,0.12048426247439521
2016-03-26,2016-05-05,TSCO,67668000,0.10200000000000001,668150000,1467797000,141772000,1352703000,271483000,196982000,74501000,25822000,62554000,2.0245498765247323,0.050024284709947416,0.026386142011317483,0.04412444947088293,0.200696679167563
2016-06-25,2016-08-04,TSCO,156425000,0.23399999999999999,667820000,1852534000,283306000,1501929000,218787000,67675000,151112000,141138000,205362000,2.2490027252852567,0.10414939720852318,0.06065885776375212,0.10042848027895274,0.14567066752156727
2016-09-24,2016-11-04,TSCO,89444000,0.134,666960000,1542706000,177682000,1464740000,321321000,265814000,55507000,-60123000,6082000,2.1961436967734196,0.061064762346901155,0.03393515200515378,0.05220456561450994,0.2193706732935538
2016-12-31,2017-02-23,TSCO,123583000,0.188,655845000,1916542000,234278000,1453218000,301063000,247147000,53916000,306186000,365042000,2.215794890561032,0.08504092297232763,0.046200254061583394,0.07330744531031126,0.20716988091256783
2017-04-01,2017-05-10,TSCO,60311000,0.09200000000000001,651380000,1564078000,136089000,1379498000,638300000,565599000,72701000,-176541000,-141658000,2.1178083453590837,0.04371952695835732,0.02026305586409363,0.031928746337073835,0.46270454904610225
2017-07-01,2017-08-10,TSCO,160649000,0.25,640930000,2017762000,298972000,1382566000,490954000,423161000,67793000,307439000,369166000,2.1571248030206105,0.11619626115498284,0.05705732263284334,0.09004585102034139,0.3551034814974475
2017-09-30,2017-11-09,TSCO,91896000,0.146,632080000,1721704000,190180000,1371401000,546782000,476736000,70046000,58024000,113454000,2.1696636501708646,0.06700884715703138,0.03138148398194069,0.05102327292117568,0.3987032239293977
2017-12-30,2018-02-22,TSCO,109743000,0.17400000000000002,627365000,1952838000,226975000,1418673000,462231000,353083000,109148000,192127000,290488000,2.2613199652514884,0.07735609263022557,0.03825438716048591,0.06341870737034357,0.3258192691339019
2018-03-31,2018-05-11,TSCO,71433000,0.11399999999999999,622385000,1682901000,137536000,1313245000,739827000,607429000,132398000,-67007000,-21863000,2.1100203250399674,0.05439426763475208,0.02226862319723847,0.03903224278387375,0.5633579415874418
2018-06-30,2018-08-09,TSCO,207289000,0.34,610500000,2213249000,317068000,1406042000,575763000,505809000,69954000,224326000,295877000,2.303099099099099,0.1474273172494136,0.06757794696887207,0.11044119110614746,0.40949203508856774
2018-09-29,2018-11-08,TSCO,116784000,0.192,609380000,1881625000,198134000,1495297000,607192000,535890000,71302000,2407000,79405000,2.453800584200335,0.07810087226818485,0.0362578059655988,0.05922624760948336,0.40606782465289504
2018-12-29,2019-02-21,TSCO,136851000,0.22400000000000003,610760000,2133271000,226350000,1561820000,440266000,353967000,86299000,256138000,340975000,2.5571746676272187,0.08762277343099717,0.04435636260388907,0.07323684159950168,0.2818929197986964
2019-03-30,2019-05-09,TSCO,76832000,0.126,606055000,1822220000,149175000,1485576000,2848925000,2746710000,102215000,-41809000,-13024000,2.451223073813433,0.0517186599675816,0.014130800020083862,0.019062596239201098,1.9177241689418785
2019-06-29,2019-08-08,TSCO,219210000,0.36400000000000005,601855000,2353782000,336555000,1544942000,2712975000,2608957000,104018000,307143000,361898000,2.5669671266334912,0.1418888217162845,0.04126135788472908,0.053739410937234645,1.7560367962033525
2019-09-28,2019-11-07,TSCO,122133000,0.20600000000000002,594780000,1984144000,211636000,1491822000,2913344000,2830704000,82640000,4651000,65453000,2.508191263996772,0.08186834622361112,0.0224951816957484,0.029137317042349363,1.9528764155509168
2019-12-28,2020-02-20,TSCO,144179000,0.244,591850000,2191785000,241832000,1567123000,2709166000,2624925000,84241000,324281000,397389000,2.647838134662499,0.09200235080462733,0.027258781366344076,0.03528978904275513,1.7287513488092512
2020-03-28,2020-05-07,TSCO,83777000,0.144,583690000,1959188000,163974000,1353723000,3387908000,2926435000,461473000,54284000,83932000,2.319249944319759,0.061886368186106024,0.013957238806778283,0.020492746774245955,2.5026597021694985
2020-06-27,2020-08-06,TSCO,338678000,0.584,579560000,3176327000,500293000,1695730000,3327723000,2121357000,1206366000,852230000,909206000,2.9258920560425152,0.19972401266711093,0.051228884863656815,0.09043104105340931,1.9624132379565142
2020-09-26,2020-10-22,TSCO,190610000,0.328,581695000,2606572000,306828000,1875866000,3413218000,2301232000,1111986000,-62831000,11837000,3.224827443935396,0.10161173559305409,0.027782486495373643,0.046974845610803645,1.819542547282162
2020-12-26,2021-02-18,TSCO,135893000,0.23399999999999999,582460000,2878265000,242957000,1923840000,3541550000,2199794000,1341756000,256830000,389540000,3.3029564261923565,0.07063633150365935,0.01927802010918816,0.03446544250846479,1.8408755405854957
2021-03-27,2021-05-06,TSCO,181354000,0.31200000000000006,580765000,2792336000,290590000,1852299000,3723832000,2573902000,1149930000,76376000,177117000,3.1894122407514227,0.0979075192504018,0.024641563850814688,0.0422977109477389,2.0103838527149236
2021-06-26,2021-08-05,TSCO,370022000,0.642,575665000,3601559000,550736000,1980113000,3615056000,2203055000,1412001000,516502000,631790000,3.439696698600749,0.18686913322623508,0.04813051386804803,0.08969194626447363,1.8256816656423143
2021-09-25,2021-11-04,TSCO,224400000,0.392,571115000,3017926000,367049000,2020753000,3869354000,2757643000,1111711000,-103399000,62930000,3.538259369829194,0.11104771340188534,0.028972805587568238,0.047952933034742636,1.9148079948415269
2021-12-25,2022-02-17,TSCO,221338000,0.39,568340000,3319284000,368481000,2002665000,3919312000,3041282000,878030000,20810000,266883000,3.523709399303234,0.1105217297950481,0.02849551855192948,0.044883870863969576,1.957048233229222
2022-03-26,2022-05-05,TSCO,187227000,0.332,562655000,3024132000,321932000,1790022000,3916970000,3511538000,405432000,-53321000,59066000,3.181384685108992,0.10459480386274582,0.02435692422654501,0.03636784494280404,2.188224502268687
2022-06-25,2022-08-04,TSCO,396478000,0.71,557950000,3903406000,608395000,1913867000,3934537000,3403715000,530822000,413618000,566539000,3.4301765391164083,0.20716068566938037,0.05038355897694224,0.07558147763535439,2.055804818203146
2022-09-24,2022-11-03,TSCO,234137000,0.422,554305000,3270804000,393648000,1941145000,4058720000,3847479000,211241000,-185121000,725000,3.50194387566412,0.12061798577643608,0.02959366146055577,0.041286687892833976,2.090889655332291
2022-12-31,2023-02-23,TSCO,270870000,0.49000000000000005,552165000,4006375000,454030000,2042416000,4270204000,4067702000,202502000,408434000,730649000,3.6989233290773593,0.13262234530085937,0.0319046312186469,0.045632354709784356,2.090761137789755
2023-04-01,2023-04-27,TSCO,183088000,0.332,550225000,3299225000,341673000,1914546000,4703814000,4513736000,190078000,-138389000,19554000,3.479569267117997,0.09562998225166698,0.020690680051509723,0.030039918704834374,2.4568822060164655
2023-07-01,2023-08-10,TSCO,421234000,0.77,547130000,4184695000,661611000,2087152000,4843966000,4223935000,620031000,571124000,762767000,3.814727761226765,0.20182238763635807,0.046633704656894086,0.06825120522092061,2.3208496554156093
2023-09-30,2023-11-09,TSCO,255001000,0.46799999999999997,543870000,3411980000,431168000,2111131000,4977334000,4555641000,421693000,-21532000,155605000,3.881683122805082,0.12078880941069028,0.02770240219080601,0.03935063151397692,2.3576623146550357
2023-12-30,2024-02-23,TSCO,247903000,0.458,540695000,3659841000,437509000,2149762000,5036018000,4638947000,397071000,168947000,396107000,3.9759235798370614,0.1153164861970767,0.026980727678506806,0.037870734428823424,2.342593273115815
2024-03-30,2024-05-09,TSCO,198167000,0.36800000000000005,539730000,3394834000,367418000,2124011000,5084407000,4820322000,264085000,100209000,257408000,3.9353213643858966,0.09329848103423193,0.020739712614001073,0.02988845817901281,2.39377620925692
2024-06-29,2024-08-08,TSCO,425196000,0.79,538650000,4246622000,670723000,2305332000,5126553000,4731805000,394748000,367316000,559935000,4.279832915622389,0.1844402454830801,0.043455971900114916,0.061697755985518556,2.223780782984837
2024-09-28,2024-11-07,TSCO,241470000,0.45,538070000,3468245000,438149000,2288760000,5333664000,5147370000,186294000,-101933000,86267000,4.253647294961622,0.10550254286163686,0.024720776642096043,0.03392255748261953,2.330372778272951
2024-12-28,2025-02-20,TSCO,236406000,0.44,533588000,3773531000,438404000,2270334000,5424448000,5172957000,251491000,271196000,517225000,4.254844561721778,0.10412829125582403,0.024109567247311073,0.03357529888721096,2.38927312016646
2025-03-29,2025-05-08,TSCO,179369000,0.34,531730000,3466952000,369216000,2238540000,5761706000,5529989000,231717000,75495000,216775000,4.209918567694131,0.08012767250082643,0.01727140346317787,0.02506523067431713,2.573867788826646
2025-06-28,2025-08-07,TSCO,430043000,0.81,530331000,4439729000,699911000,2490309000,5557383000,5331573000,225810000,575436000,785800000,4.695763589154698,0.17268660234533145,0.0407284164528244,0.056745547175621185,2.2316037889273983
