date,filingDate,symbol,netIncome,eps,weightedAverageShsOut,revenue,ebitda,totalStockholdersEquity,totalDebt,netDebt,cashAndCashEquivalents,freeCashFlow,operatingCashFlow,bookValuePerShare,ROE,ROA,ROIC,debtToEquity
2015-10-03,2015-11-23,TSN,258000000,0.65,395000000,10506000000,744000000,9691000000,6690000000,6002000000,688000000,680000000,898000000,24.534177215189874,0.026622639562480652,0.011232530802385824,0.018954277992485977,0.6903312351666495
2016-01-02,2016-02-05,TSN,461000000,1.17,395000000,9152000000,951000000,9762000000,6705000000,5518000000,1187000000,907000000,1095000000,24.71392405063291,0.047223929522638805,0.01979390296264491,0.033009202747220426,0.6868469575906576
2016-04-02,2016-05-09,TSN,432000000,1.11,388000000,9170000000,884000000,9791000000,6349000000,6095000000,254000000,-157000000,10000000,25.234536082474225,0.044122152997650904,0.019190617920127936,0.03003464904838277,0.6484526606066796
2016-07-02,2016-08-08,TSN,484000000,1.27,382000000,9403000000,949000000,9791000000,6178000000,5981000000,197000000,608000000,768000000,25.630890052356023,0.04943315289551629,0.021597501115573403,0.03334569300292887,0.6309876417117761
2016-10-01,2016-11-21,TSN,391000000,1.06,367000000,9156000000,768000000,9608000000,6279000000,5930000000,349000000,663000000,843000000,26.17983651226158,0.040695253955037466,0.017476422473517186,0.0279841244561962,0.6535179017485429
2016-12-31,2017-02-06,TSN,593000000,1.64,367000000,9182000000,1147000000,9550000000,5967000000,5660000000,307000000,934000000,1134000000,26.021798365122617,0.06209424083769634,0.026643303230444355,0.041536904391155406,0.6248167539267016
2017-04-01,2017-05-08,TSN,340000000,0.93,365000000,9083000000,754000000,9771000000,6448000000,6205000000,243000000,-419000000,-152000000,26.76986301369863,0.034796847814962645,0.015046910957691628,0.023647586022579145,0.6599119844437622
2017-07-01,2017-08-07,TSN,447000000,1.24,366000000,9850000000,875000000,10117000000,10824000000,10593000000,231000000,152000000,467000000,27.64207650273224,0.044183058218839576,0.015928446709190035,0.024121326616617377,1.0698823761984777
2017-09-30,2017-11-13,TSN,394000000,1.1,366000000,10145000000,892000000,10541000000,10203000000,9885000000,318000000,863000000,1150000000,28.80054644808743,0.037377857888245894,0.014038338202807667,0.02247220412118429,0.967934731050185
2017-12-30,2018-02-08,TSN,1631000000,4.54,366000000,10229000000,1159000000,11955000000,9686000000,9393000000,293000000,830000000,1126000000,32.66393442622951,0.13642827268925137,0.058154460529130717,0.08443719883197878,0.8102049351735675
2018-03-31,2018-05-07,TSN,315000000,0.86,366000000,9773000000,739000000,12136000000,10000000000,9802000000,198000000,-250000000,13000000,33.15846994535519,0.025955833882663152,0.01121355594318465,0.017332749698430155,0.8239947264337508
2018-06-30,2018-08-06,TSN,541000000,1.48,365000000,10051000000,1050000000,12426000000,10160000000,9990000000,170000000,457000000,785000000,34.04383561643836,0.043537743441171735,0.01889098400726308,0.027155568587148283,0.8176404313536134
2018-09-29,2018-11-13,TSN,537000000,1.5,364000000,9999000000,1090000000,12803000000,9873000000,9603000000,270000000,726000000,1039000000,35.17307692307692,0.04194329454034211,0.018447902710501906,0.026721234675888265,0.7711473873310942
2018-12-29,2019-02-07,TSN,551000000,1.54,364000000,10193000000,1062000000,13127000000,11992000000,11592000000,400000000,550000000,868000000,36.06318681318681,0.04197455625809401,0.017040358744394617,0.02543165829080151,0.9135369848404052
2019-03-30,2019-05-06,TSN,426000000,1.17,364000000,10443000000,920000000,13423000000,12374000000,12014000000,360000000,-267000000,71000000,36.87637362637363,0.03173657155628399,0.013108498984552895,0.020714426968112546,0.9218505550175072
2019-06-29,2019-08-05,TSN,676000000,1.9,363000000,10885000000,1131000000,13928000000,12586000000,12180000000,406000000,281000000,596000000,38.36914600550964,0.048535324526134405,0.020080201990197534,0.030443294618952132,0.9036473291211947
2019-09-28,2019-11-12,TSN,369000000,1.03,363000000,10884000000,878000000,13950000000,11932000000,11448000000,484000000,690000000,978000000,38.429752066115704,0.026451612903225806,0.011209672519594142,0.018512829403957664,0.8553405017921147
2019-12-28,2020-02-06,TSN,505000000,1.42,363000000,10815000000,1065000000,14419000000,11719000000,11222000000,497000000,582000000,894000000,39.72176308539945,0.035023233233927455,0.014935967584513916,0.023476776901434435,0.8127470698384076
2020-03-28,2020-05-04,TSN,376000000,1.06,363000000,10888000000,917000000,14449000000,12120000000,11683000000,437000000,54000000,366000000,39.80440771349862,0.026022562115025263,0.01109471820596046,0.01792089816665732,0.838812374558793
2020-06-27,2020-08-03,TSN,526000000,1.48,362000000,10022000000,1082000000,14858000000,12029000000,10664000000,1365000000,1165000000,1448000000,41.04419889502763,0.0354018037420918,0.01522078824006019,0.024390692270210044,0.8095975232198143
2020-10-03,2020-11-16,TSN,692000000,1.95,362000000,11460000000,1327000000,15254000000,11339000000,9919000000,1420000000,874000000,1166000000,42.13812154696133,0.045365150124557496,0.0200835848618528,0.03146859582870303,0.7433460076045627
2021-01-02,2021-02-11,TSN,467000000,1.31,363000000,10460000000,1024000000,15638000000,11357000000,8951000000,2406000000,1096000000,1385000000,43.07988980716254,0.029863153855991816,0.013170511591178295,0.02262335655316256,0.7262437651873641
2021-04-03,2021-05-10,TSN,476000000,1.34,363000000,11300000000,1040000000,15931000000,10364000000,9487000000,877000000,-304000000,-36000000,43.887052341597794,0.0298788525516289,0.013807507106805129,0.022074377939316173,0.6505555206829452
2021-07-03,2021-08-09,TSN,749000000,2.11,363000000,12478000000,1373000000,16561000000,10352000000,8739000000,1613000000,1005000000,1307000000,45.62258953168044,0.04522673751585049,0.021002159100468272,0.03299793778999828,0.6250830263872954
2021-10-02,2021-11-15,TSN,1355000000,3.81,363000000,12811000000,2246000000,17723000000,9348000000,6841000000,2507000000,834000000,1184000000,48.823691460055095,0.07645432488856288,0.03731857115315762,0.0583872990180353,0.5274502059470744
2022-01-01,2022-02-07,TSN,1121000000,3.16,362000000,12933000000,1810000000,18403000000,9364000000,6408000000,2956000000,1024000000,1432000000,50.83701657458563,0.060913981416073466,0.03044210297631979,0.0486017555128116,0.5088300820518393
2022-04-02,2022-05-09,TSN,829000000,2.34,361000000,13117000000,1479000000,19014000000,8349000000,7198000000,1151000000,-647000000,-208000000,52.67036011080332,0.04359945303460608,0.023093208535294445,0.03461521236998834,0.43909750710003154
2022-07-02,2022-08-08,TSN,750000000,2.14,359000000,13495000000,1368000000,19355000000,8328000000,7272000000,1056000000,190000000,666000000,53.91364902506964,0.03874967708602428,0.02069250931162919,0.030717459462329524,0.4302764143632136
2022-10-01,2022-11-14,TSN,538000000,1.54,358000000,13737000000,1059000000,19702000000,8321000000,7290000000,1031000000,233000000,797000000,55.03351955307262,0.027306872398741244,0.014611227288775426,0.022374163582669807,0.42234290934930463
2022-12-31,2023-02-06,TSN,316000000,0.89,356000000,13260000000,821000000,19635000000,8349000000,7695000000,654000000,173000000,762000000,55.15449438202247,0.01609371021135727,0.008615518839631386,0.013974953672556448,0.42521008403361343
2023-04-01,2023-05-08,TSN,-97000000,-0.27,354000000,13133000000,276000000,19399000000,8930000000,8387000000,543000000,-501000000,7000000,54.79943502824859,-0.0050002577452446005,-0.00263615610392434,-0.0010328942632980638,0.4603330068560235
2023-07-01,2023-08-10,TSN,-417000000,-1.18,354000000,13140000000,-14000000,18779000000,9320000000,8621000000,699000000,193000000,660000000,53.048022598870055,-0.022205655253208372,-0.011343543429177661,-0.012559113806929166,0.4962990574577986
2023-09-30,2023-11-13,TSN,-450000000,-1.29,348238928,13348000000,-67000000,18133000000,9506000000,8933000000,573000000,-52000000,323000000,52.07057150141468,-0.024816632658688578,-0.012413450663429974,-0.01362968592095953,0.5242375778966525
2023-12-30,2024-02-05,TSN,107000000,0.3,354000000,13319000000,639000000,18150000000,9678000000,8194000000,1484000000,946000000,1300000000,51.271186440677965,0.0058953168044077135,0.0029118815653404453,0.007149553070412866,0.5332231404958677
2024-03-30,2024-05-06,TSN,145000000,0.41,354000000,13072000000,663000000,18089000000,10960000000,8778000000,2182000000,-390000000,-123000000,51.09887005649718,0.008015921278124827,0.0038702789269985318,0.00852071717625281,0.6058930841948146
2024-06-29,2024-08-05,TSN,191000000,0.54,354000000,13353000000,748000000,18076000000,11021000000,8452000000,2569000000,533000000,796000000,51.06214689265537,0.01056649701261341,0.005062016325665218,0.011330857216418657,0.6097034742199602
2024-09-28,2024-11-12,TSN,357000000,1.03,346601942,13565000000,923000000,18390000000,9787000000,8070000000,1717000000,369000000,617000000,53.05798315463564,0.019412724306688417,0.009622641509433962,0.017521581732108046,0.5321914083741164
2024-12-28,2025-02-03,TSN,359000000,1.03,355000000,13623000000,946000000,18503000000,9806000000,7514000000,2292000000,760000000,1031000000,52.12112676056338,0.019402259093120034,0.00962208523184133,0.017599371379801075,0.5299681132789278
2025-03-29,2025-05-05,TSN,7000000,0.0197,355000000,13074000000,492000000,18400000000,9068000000,8076000000,992000000,-378000000,-185000000,51.83098591549296,0.00038043478260869565,0.00019294377067254686,0.002467643652112605,0.49282608695652175
2025-06-28,2025-08-04,TSN,61000000,0.18,348000000,13884000000,635000000,18338000000,9065000000,7518000000,1547000000,547000000,774000000,52.695402298850574,0.003326426000654379,0.0016728828433523475,0.004231086159134048,0.4943287163267532
