date,filingDate,symbol,netIncome,eps,weightedAverageShsOut,revenue,ebitda,totalStockholdersEquity,totalDebt,netDebt,cashAndCashEquivalents,freeCashFlow,operatingCashFlow,bookValuePerShare,ROE,ROA,ROIC,debtToEquity
2015-09-30,2015-10-22,VRSN,92457000,0.82,112955000,265780000,170168000,-1031410000,1861480000,1683609000,177871000,148554000,155322000,-9.131158425921827,-0.08964136473371404,0.03587351904411779,0.17494509813357131,-1.8047914990159102
2015-12-31,2016-02-19,VRSN,101530000,0.92,110952000,272625000,168883000,-1070447000,1869680000,1641021000,228659000,176538000,188535000,-9.647838705025597,-0.09484822695565498,0.04306247897878347,0.21848720842304242,-1.746634817043721
2016-03-31,2016-04-28,VRSN,107456000,0.98,109592000,281876000,184755000,-1108023000,1865250000,1631225000,234025000,136544000,143626000,-10.110436893203884,-0.09697993633706159,0.04624402831207317,0.24731258340703857,-1.683403683858548
2016-06-30,2016-07-28,VRSN,113210000,1.05,108067000,286466000,191801000,-1127330000,1868580000,1697614000,170966000,154289000,160665000,-10.431769180230782,-0.10042312366387837,0.048920283833576834,0.2359691018638986,-1.657527077253333
2016-09-30,2016-10-27,VRSN,114427000,1.08,106307000,287554000,192735000,-1169238000,1863593000,1685808000,177785000,18755000,168186000,-10.998692466159332,-0.09786459215318011,0.04979462388472654,0.26339315052226825,-1.5938525774906391
2016-12-31,2017-02-17,VRSN,105552000,1.01,104080000,286271000,184888000,-1200595000,1866953000,1635008000,231945000,188787000,195472000,-11.535309377402,-0.08791640811431,0.045212570012833186,0.2926186353017953,-1.5550231343625451
2017-03-31,2017-04-27,VRSN,116412000,1.14,102467000,288614000,189674000,-1187749000,1863541000,1408949000,454592000,138532000,148186000,-11.591527028213962,-0.09801060661806493,0.05027469003709319,0.6272218800222764,-1.568968696248113
2017-06-30,2017-07-27,VRSN,123100000,1.22,101060000,288552000,201032000,-1203158000,1867015000,1624589000,242426000,171391000,180711000,-11.90538294082723,-0.10231407678791979,0.052511441820863036,0.34391801871869254,-1.5517621127067267
2017-09-30,2017-10-26,VRSN,114899000,1.15,99614000,292428000,199793000,-1229938000,2406386000,2119564000,286822000,153036000,174671000,-12.347039572750818,-0.09341853003972558,0.03950641649615265,0.16099115123089663,-1.9565100029432378
2017-12-31,2018-02-16,VRSN,102837000,1.05,98215000,295501000,194727000,-1260271000,2410145000,1944294000,465851000,190303000,199193000,-12.83175685995011,-0.0815991163805245,0.03496444293938368,0.19220719748715315,-1.912402173818171
2018-03-31,2018-04-26,VRSN,134263000,1.38,97250000,299288000,205340000,-1234734000,2413983000,710261000,1703722000,82327000,89989000,-12.696493573264782,-0.10873840033561885,0.04621276188568362,-0.3229612253559068,-1.9550631957976374
2018-06-30,2018-07-26,VRSN,128351000,1.13,113936000,302452000,205748000,-1380989000,1783788000,1527392000,256396000,190810000,201817000,-12.120743224266255,-0.0929413630376491,0.06714375766706686,1.0250901544869924,-1.291674300084939
2018-09-30,2018-10-25,VRSN,137680000,1.13,121682000,305777000,213187000,-1401101000,1784417000,1552846000,231571000,176533000,187461000,-11.51444749428839,-0.09826557828450626,0.07305420486164908,1.0180711916130598,-1.27358199016345
2018-12-31,2019-02-15,VRSN,182195000,1.51,120591000,307452000,268453000,-1385474000,1785047000,1427632000,357415000,211090000,218500000,-11.489033178263718,-0.1315037308531232,0.0951656408134953,4.723880401920902,-1.2884016589268366
2019-03-31,2019-04-25,VRSN,162527000,1.36,119757000,306408000,224048000,-1406129000,1793791000,1014166000,779625000,178197000,187330000,-11.741518241104904,-0.11558470097693739,0.08466376617720907,-0.46408366449018595,-1.2756944775337113
2019-06-30,2019-07-25,VRSN,147534000,1.24,118965000,306289000,224420000,-1425167000,1795429000,1043849000,751580000,153789000,164845000,-11.979716723406044,-0.10352049970284184,0.0780645304667236,-0.43287854069838766,-1.2598025354221645
2019-09-30,2019-10-24,VRSN,153913000,1.3,118194000,308421000,227557000,-1451919000,1797253000,1687965000,109288000,196810000,208119000,-12.28420224376872,-0.1060066022966846,0.08157659018513513,0.728321677434063,-1.2378466016354908
2019-12-31,2020-02-14,VRSN,148325000,1.27,117169000,310543000,219692000,-1490100000,1792129000,1283933000,508196000,184780000,193598000,-12.717527673702088,-0.09954029930877123,0.08000230851090798,-0.8040928255702467,-1.2026904234615126
2020-03-31,2020-04-23,VRSN,334116000,2.87,116375000,312524000,224580000,-1409114000,1792415000,1293722000,498693000,169047000,180060000,-12.108390977443609,-0.23711069508925467,0.1905031242498693,-3.2374434346358893,-1.2720156069700534
2020-06-30,2020-07-23,VRSN,152479000,1.32,115347000,314365000,225792000,-1400324000,1793579000,1486878000,306701000,204434000,215312000,-12.140099005609162,-0.10888837154829882,0.08377387060016724,1.9688090538248613,-1.2808314361533473
2020-09-30,2020-10-22,VRSN,170979000,1.49,114655000,317879000,219046000,-1386248000,1794469000,1648768000,145701000,124548000,139590000,-12.09060224150713,-0.1233394024734391,0.09691005981955511,0.7306897354875964,-1.2944790542529188
2020-12-31,2021-02-19,VRSN,157314000,1.38,113872000,320284000,214241000,-1390198000,1795242000,1394048000,401194000,188759000,195221000,-12.208427005760853,-0.11315942045665438,0.0890333972867888,45.20744246393096,-1.2913570584909488
2021-03-31,2021-04-22,VRSN,150354000,1.33,113100000,323621000,222425000,-1403760000,1790712000,1543901000,246811000,191615000,198336000,-12.411671087533156,-0.10710805265857412,0.08433124048599527,1.2012569475274277,-1.2756539579415285
2021-06-30,2021-07-22,VRSN,147772000,1.31,112400000,329405000,222941000,-1417785000,1788523000,1572026000,216497000,124959000,142508000,-12.613745551601424,-0.10422736874772974,0.08485913470925358,1.0756734786581132,-1.2614909877026488
2021-09-30,2021-10-28,VRSN,156622000,1.4,111700000,334242000,233501000,-1417578000,1787913000,1531044000,256869000,244799000,260065000,-12.690940017905103,-0.11048563112576522,0.08630704571040945,1.5086023792689187,-1.2612448838794055
2021-12-31,2022-02-18,VRSN,330082000,2.98,110908000,340308000,234547000,-1260500000,1788200000,1564700000,223487000,192746000,206243000,-11.365275724023515,-0.2618659262197541,0.1663917683756737,1.1854795680285275,-1.418643395477985
2022-03-31,2022-04-28,VRSN,157500000,1.43,110200000,346900000,237000000,-1285100000,1786300000,1027800000,758500000,200500000,207100000,-11.661524500907442,-0.122558555754416,0.07981958240421651,-0.6679086053217922,-1.390008559645164
2022-06-30,2022-07-28,VRSN,167300000,1.54,108800000,351900000,249500000,-1455000000,1789000000,1182700000,606300000,138700000,144900000,-13.373161764705882,-0.1149828178694158,0.09492198581560284,-0.6674918277317591,-1.229553264604811
2022-09-30,2022-10-27,VRSN,169500000,1.58,107100000,356900000,253100000,-1542400000,1789400000,1228800000,560600000,255300000,262200000,-14.401493930905696,-0.10989367219917012,0.09716808071543225,-0.5860844926799791,-1.160140041493776
2022-12-31,2023-02-17,VRSN,179500000,1.7,105800000,369200000,262800000,-1562200000,1795000000,1421400000,373600000,209200000,216900000,-14.765595463137997,-0.11490206119574958,0.10355370947271259,-1.3780319947755646,-1.149020611957496
2023-03-31,2023-04-27,VRSN,178700000,1.7,104900000,364400000,264200000,-1593800000,1788500000,968700000,819800000,253300000,259000000,-15.19351763584366,-0.11212197264399548,0.10170745589072282,-0.30886158300215166,-1.1221608733843644
2023-06-30,2023-07-27,VRSN,185700000,1.79,103900000,372000000,272700000,-1617900000,1789000000,1445100000,343900000,138800000,145300000,-15.571703561116458,-0.11477841646578898,0.110720248032435,-1.1584092210767467,-1.105754372952593
2023-09-30,2023-10-26,VRSN,188500000,1.83,102900000,376300000,278200000,-1633400000,1798100000,1640400000,157700000,216700000,245300000,-15.873663751214771,-0.11540345292028897,0.11115042160504747,28.965004022526145,-1.1008326190767723
2023-12-31,2024-02-15,VRSN,264700000,2.6,101800000,380400000,280800000,-1581000000,1797500000,1557400000,240100000,199200000,204200000,-15.530451866404714,-0.1674256799493991,0.1513436249285306,-12.054188784996363,-1.1369386464263125
2024-03-31,2024-04-25,VRSN,194100000,1.93,100800000,384300000,282600000,-1635700000,1795700000,1063900000,731800000,253500000,257300000,-16.22718253968254,-0.11866479183224307,0.11233939113323302,-0.36457932265287407,-1.0978174481873204
2024-06-30,2024-07-25,VRSN,198800000,2.01,98900000,387100000,287000000,-1816400000,1802900000,1550700000,252200000,151200000,160400000,-18.36602628918099,-0.10944725831314689,0.1320842468938941,-0.8025436355107078,-0.9925677163620348
2024-09-30,2024-10-24,VRSN,201300000,2.07,97300000,390600000,288800000,-1900600000,1802100000,1534800000,267300000,247800000,253400000,-19.533401849948614,-0.10591392191939387,0.13768809849521205,-0.5901653463921099,-0.9481742607597601
2024-12-31,2025-02-13,VRSN,191500000,2.0,95600000,395400000,275700000,-1957900000,1801500000,1594800000,206700000,222000000,231500000,-20.480125523012553,-0.09780887685785791,0.13615357269818698,-0.5673673484996576,-0.9201184943051228
2025-03-31,2025-04-24,VRSN,199300000,2.11,94600000,402300000,287600000,-1977000000,1791700000,1216300000,575400000,285500000,291300000,-20.898520084566595,-0.10080930703085483,0.13766664364163847,-0.28257799663907407,-0.906272129489125
2025-06-30,2025-07-24,VRSN,207400000,2.21,93800000,409900000,294500000,-1993800000,1791600000,1477300000,314300000,194700000,202500000,-21.255863539445627,-0.1040224696559334,0.14732206279301038,-0.4299412322645624,-0.898585615407764
