date,filingDate,symbol,netIncome,eps,weightedAverageShsOut,revenue,ebitda,totalStockholdersEquity,totalDebt,netDebt,cashAndCashEquivalents,freeCashFlow,operatingCashFlow,bookValuePerShare,ROE,ROA,ROIC,debtToEquity
2015-09-30,2015-10-30,VRTX,-95149000,-0.39,241969000,309816000,-55184000,922147000,820982000,64732000,756250000,-70870000,-62073000,3.8110129810016984,-0.1031820306306912,-0.03909173115945691,-0.07334038048519971,0.8902940637447175
2015-12-31,2016-02-16,VRTX,-75512000,-0.31,239484334,417935000,-39647000,939967000,826238000,111470000,714768000,16616000,29143000,3.924962373530454,-0.08033473515559589,-0.030240544323390246,-0.051750614407492235,0.8790074545170202
2016-03-31,2016-05-03,VRTX,-41631000,-0.17,243831000,398080000,2772000,957079000,824494000,220249000,604245000,-27111000,-15137000,3.925173583342561,-0.04349797665605452,-0.016733349250333412,-0.009934340585507434,0.8614691159245997
2016-06-30,2016-08-01,VRTX,-64525000,-0.26,244482000,431608000,17097000,981354000,820634000,214768000,605866000,24942000,40860000,4.0140133015927555,-0.06575099301577209,-0.02531402732541854,0.0035789890135030354,0.8362262751259993
2016-09-30,2016-10-31,VRTX,-41841000,-0.17,242756250,413783000,-4325000,1021546000,820315000,100623000,719692000,51773000,65656000,4.208114106227955,-0.04095850798691395,-0.016062803137853486,-0.017038516581263215,0.8030132759562467
2016-12-31,2017-02-23,VRTX,32945000,0.13,245454000,458706000,56196000,1156582000,840761000,-343184000,1183945000,129936000,144724000,4.712011211876767,0.028484793987801987,0.011384743510661642,0.0684779352441882,0.7269359198050809
2017-03-31,2017-04-28,VRTX,247756000,1.01,246024000,714718000,285148000,1500008000,548400000,-455279000,1003679000,254593000,265692000,6.096998666796735,0.1651697857611426,0.08407905377637312,0.2546588539475616,0.3655980501437326
2017-06-30,2017-07-28,VRTX,17996000,0.07,247521000,544135000,65060000,1671273000,568544000,-654586000,1223130000,164275000,181653000,6.75204528100646,0.010767839844238493,0.005477243993019223,0.0433189529449436,0.3401861933986847
2017-09-30,2017-10-30,VRTX,-102952000,-0.41,250268000,578165000,-388371000,1791077000,587191000,-797775000,1384966000,142126000,170086000,7.156636086115684,-0.05748049916335255,-0.03218934911242603,-0.28368982323290737,0.32784240990197516
2017-12-31,2018-02-15,VRTX,100684000,0.4,251557000,651634000,141421000,2028579000,606433000,-1058979000,1665412000,184527000,227511000,8.064092829855658,0.04963277249739843,0.02839357092216782,0.11714878105583498,0.2989447292907991
2018-03-31,2018-04-27,VRTX,210263000,0.83,253231000,640799000,242082000,2401056000,595125000,-1400768000,1995893000,223378000,252657000,9.48168273236689,0.08757105207042234,0.05319109106207124,0.24511229790335623,0.24785969173563632
2018-06-30,2018-07-26,VRTX,207360000,0.82,254135000,752157000,244756000,2686228000,592735000,-1552624000,2145359000,292091000,321703000,10.570082829991934,0.07719374528148765,0.04782965115447621,0.19719249493940028,0.2206569956087123
2018-09-30,2018-10-25,VRTX,128746000,0.51,254905000,784535000,163846000,2906116000,588041000,-1890261000,2478302000,360436000,381348000,11.40078068299955,0.044301741568471456,0.027862033742782698,0.1437600932345527,0.20234601784650028
2018-12-31,2019-02-13,VRTX,1550527000,6.08,254868000,870106000,56096000,4435203000,586821000,-2063313000,2650134000,298857000,314578000,17.401961015113706,0.34959549765816805,0.24824724963488037,0.7374265339696967,0.13230984015838734
2019-03-31,2019-05-01,VRTX,268631000,1.05,255695000,858435000,362173000,4723313000,623865000,-2270020000,2893885000,306743000,324784000,18.47244959815405,0.056873427613202854,0.041055527994774355,0.1145830667190772,0.13208207882899142
2019-06-30,2019-08-01,VRTX,267427000,1.04,256154000,941293000,369673000,5069965000,611963000,-2682721000,3294684000,447391000,463749000,19.79264426868212,0.052747306934071536,0.03802205198542796,0.11710402052824023,0.12070359460075168
2019-09-30,2019-10-31,VRTX,57518000,0.22,256946000,949828000,111061000,5253394000,604539000,-2793402000,3397941000,310498000,334789000,20.445517735243982,0.010948731429624353,0.007654214428988657,0.028194897785305702,0.11507589189008097
2019-12-31,2020-02-13,VRTX,583234000,2.26,258003000,1413265000,717455000,6085244000,661662000,-2447660000,3109322000,429247000,446008000,23.58594279911474,0.09584397930469181,0.07011317592849162,0.1637104156508197,0.10873220531502106
2020-03-31,2020-05-01,VRTX,602753000,2.32,259815000,1515107000,698491000,6461654000,532952000,-3060460000,3593412000,796248000,815698000,24.87021149664184,0.09328153441827743,0.06777683311104742,0.181027983181747,0.0824791918601646
2020-06-30,2020-07-31,VRTX,837270000,3.22,259637000,1524485000,865338000,7519242000,522067000,-4309265000,4831332000,1020663000,1038527000,28.9605949845361,0.11135031961998297,0.08195379042275987,0.2652203505741397,0.06943080166857245
2020-09-30,2020-10-30,VRTX,667434000,2.56,260392000,1538271000,786369000,8133473000,546514000,-4811573000,5358087000,732953000,907748000,31.235494946081293,0.0820601482294218,0.05905642131539752,0.20465181993524773,0.0671931904120171
2020-12-31,2021-02-11,VRTX,604190000,2.32,260038000,1627820000,934266000,8686800000,931900000,-5056300000,5988187000,443836000,491527000,33.40588683192456,0.06955265460238523,0.051412514567971156,0.16947039997292013,0.1072777087074642
2021-03-31,2021-04-30,VRTX,653138000,2.52,259369000,1724305000,865472000,8980254000,898797000,-5405533000,6304330000,850100000,921000000,34.62346695248854,0.07273045951706934,0.05391125210368352,0.18619944810489564,0.10008592184586315
2021-06-30,2021-07-30,VRTX,66924000,0.26,258988000,1793370000,2600000,9196396000,893849000,-5169829000,6063678000,-249600000,-199700000,35.50896566636292,0.007277198589534422,0.00547584024004544,0.010800984843980366,0.0971955753101541
2021-09-30,2021-11-03,VRTX,851928000,3.3,257876000,1984164000,1129692000,9530708000,876800000,-5398898000,6275698000,874800000,927200000,36.9584916781709,0.08938769291851141,0.06751289450733809,0.20909263005325845,0.09199736263035233
2021-12-31,2022-02-09,VRTX,770100000,3.02,254600000,2072600000,919832000,10100000000,967400000,-5827600000,6795000000,933200000,995000000,39.6700706991359,0.07624752475247525,0.05733109994416527,0.1833841198888907,0.09578217821782178
2022-03-31,2022-05-06,VRTX,762100000,2.99,255100000,2097500000,1005600000,10907000000,872500000,-6727600000,7600100000,892600000,956200000,42.75578204625637,0.06987255890712386,0.053457818056831814,0.18519233542361574,0.07999449894563125
2022-06-30,2022-08-05,VRTX,810500000,3.17,255900000,2196200000,1076300000,11933500000,847300000,-7854900000,8702200000,1086500000,1139800000,46.63345056662759,0.06791804583734865,0.05201447805829729,0.20155235736481766,0.07100180165081493
2022-09-30,2022-10-28,VRTX,930500000,3.63,256500000,2334300000,1226800000,13029600000,824600000,-8346900000,9171500000,901300000,955500000,50.79766081871345,0.07141431816786394,0.05569721783268687,0.20102426435162635,0.06328667035058635
2022-12-31,2023-02-10,VRTX,818900000,3.19,256900000,2302700000,1126800000,13912700000,899700000,-9604300000,10504000000,1044800000,1078400000,54.15609186453873,0.05885989060354928,0.04511622013233504,0.1921181253028915,0.06466753397974513
2023-03-31,2023-05-02,VRTX,699800000,2.72,257400000,2374800000,941700000,14432300000,789200000,-8500700000,9289900000,857800000,899900000,56.06954156954157,0.0484884599128344,0.03688166035985707,0.11948692567696494,0.05468289877566292
2023-06-30,2023-08-02,VRTX,915700000,3.55,257700000,2493200000,1214100000,15470200000,767600000,-9383500000,10151100000,1074800000,1134400000,60.03181994567326,0.05919121924732712,0.04499931201226584,0.15189344365651167,0.04961797520394048
2023-09-30,2023-11-07,VRTX,1035300000,4.01,258000000,2483500000,1232200000,16512800000,744700000,-10365500000,11110200000,1227800000,1268400000,64.0031007751938,0.06269681701467952,0.0476521434949508,0.16997215890591538,0.04509834794825832
2023-12-31,2024-02-15,VRTX,968800000,3.76,257700000,2517700000,1217200000,17580400000,808400000,-9560700000,10372300000,176500000,234600000,68.22041133100504,0.055106823507997546,0.04262171032371031,0.12196700352925369,0.04598302655229688
2024-03-31,2024-05-07,VRTX,1099600000,4.26,258200000,2687200000,1343000000,18546600000,721300000,-8436700000,9158000000,1058200000,1306600000,71.8303640588691,0.05928849492629377,0.04597489693695803,0.10964901100056343,0.0388912253458855
2024-06-30,2024-08-02,VRTX,-3593600000,-13.92,258100000,2645600000,-3327300000,14774700000,933400000,-3646700000,4580100000,-3830300000,-3753600000,57.24409143742735,-0.24322659681753267,-0.17850100088912732,-0.3219903962537453,0.0631755636324257
2024-09-30,2024-11-05,VRTX,1045400000,4.05,258000000,2771900000,1284800000,15630900000,1702900000,-3536300000,5239200000,1302100000,1369800000,60.584883720930236,0.06688034598135743,0.047004972976861716,0.08696485323708744,0.10894446257093321
2024-12-31,2025-02-13,VRTX,913000000,3.55,257500000,2912000000,1184400000,16409600000,1749500000,-2820100000,4569600000,492000000,584600000,63.726601941747575,0.05563816302652106,0.040517991230717344,0.06734974517653709,0.10661442082683308
2025-03-31,2025-05-06,VRTX,646300000,2.52,256899999,2770200000,781800000,16496300000,1649100000,-3025600000,4674700000,778200000,818900000,64.21292356641854,0.039178482447579155,0.02824676034177575,0.04817526727169351,0.09996787158332475
2025-06-30,2025-08-05,VRTX,1032900000,4.02,256700000,2964700000,1422300000,17175400000,1527400000,-3444800000,4972200000,927400000,1073100000,66.9084534476042,0.06013833738952223,0.04297178897269592,0.07544307933583418,0.08892951546979982
