date,filingDate,symbol,netIncome,eps,weightedAverageShsOut,revenue,ebitda,totalStockholdersEquity,totalDebt,netDebt,cashAndCashEquivalents,freeCashFlow,operatingCashFlow,bookValuePerShare,ROE,ROA,ROIC,debtToEquity
2015-09-30,2015-10-26,VTR,22852000,0.07,332491000,827606000,374025000,9609435000,11268560000,11203329000,65231000,244110000,304321000,28.901338682851566,0.002378079460446946,0.001019542404277474,0.008285989531947554,1.172655832522932
2015-12-31,2016-02-12,VTR,124728000,0.37,335559000,841274000,454565000,9564327000,11206996000,11153973000,53023000,308831000,369722000,28.502668681215525,0.013040959390033403,0.005602751748524094,0.011470281451104878,1.1717495648151721
2016-03-31,2016-04-29,VTR,148980000,0.44,335559000,852289000,457024000,9614195000,11247730000,11196029000,51701000,214403000,272891000,28.651280400764097,0.015495837144971577,0.0066923339400067165,0.011253106826657902,1.1699086610995513
2016-06-30,2016-07-29,VTR,143162000,0.42,338901000,848404000,454167000,9689715000,10901131000,10843809000,57322000,325468000,383584000,28.59157984190073,0.014774634754479363,0.006479832594894999,0.012223582891097142,1.125020808145544
2016-09-30,2016-10-28,VTR,149452000,0.43,350274000,867116000,457846000,10488539000,11252327000,11163048000,89279000,291705000,344795000,29.943812558168748,0.014249077016350895,0.006379677100881302,0.012092850670361206,1.072821200359745
2016-12-31,2017-02-14,VTR,207637000,0.59,353911000,875713000,482850000,10460240000,11127326000,10840619000,286707000,274778000,366187000,29.556131343755915,0.01985011816172478,0.008962773993594226,0.011854008361265619,1.0637734889448043
2017-03-31,2017-04-28,VTR,198127000,0.56,354410000,883443000,481814000,10414606000,11943733000,11852449000,91284000,225444000,335731000,29.38575660957648,0.019023955394952052,0.00828313300234024,0.011988830036742393,1.1468252375557941
2017-06-30,2017-07-28,VTR,151831000,0.43,355024000,895490000,491917000,10374058000,11907997000,11804644000,103353000,312591000,401525000,29.220723106043536,0.014635642098781402,0.006364543101082766,0.012060103838433001,1.1478629674135232
2017-09-30,2017-10-27,VTR,613958000,1.72,355929000,899928000,480993000,10731340000,11424145000,11339082000,85063000,254394000,348983000,30.15022659013455,0.057211680927079005,0.025861975640480466,0.012540167325776551,1.064559039225297
2017-12-31,2018-02-09,VTR,392554000,1.1,356112000,895288000,481628000,10866226000,11276062000,11194707000,81355000,218108000,355941000,30.513506986566025,0.036126066216550255,0.016387456557819247,0.014973505920052376,1.0377164988101664
2018-03-31,2018-04-27,VTR,78703000,0.22,356112000,943705000,425156000,10740815000,11039812000,10947269000,92543000,213513000,308019000,30.161339690883768,0.00732747002904342,0.0033499889969612886,0.009045195088274725,1.0278374592617041
2018-06-30,2018-07-27,VTR,166519000,0.47,356228000,942304000,478676000,10616948000,10402897000,10309213000,93684000,299112000,402317000,29.803799813602524,0.015684262558317136,0.007335918630199725,0.013531011318482552,0.97983874461851
2018-09-30,2018-10-26,VTR,101972000,0.29,356318000,936538000,426991000,10452839000,10478455000,10392348000,86107000,201624000,307286000,29.33570293950909,0.009755435819876304,0.0045124441138540295,0.010509848053130414,1.0024506260930643
2018-12-31,2019-02-08,VTR,62273000,0.17,356389000,923263000,430704000,10215857000,10733699000,10661422000,72277000,204484000,363845000,28.664905482492443,0.0060957196248929485,0.002757326854569417,0.015843799354450527,1.0506900204260885
2019-03-31,2019-04-29,VTR,125785000,0.35,356853000,942874000,479001000,10149663000,10904222000,10821708000,82514000,264513000,336120000,28.44214004085716,0.01239302231019887,0.005548988077825854,0.011411159756096322,1.0743432565199456
2019-06-30,2019-07-26,VTR,210529000,0.58,361722000,950717000,496158000,10820011000,10489849000,10407862000,81987000,292099000,393099000,29.91250463062794,0.019457373934277884,0.009157850060840203,0.017129252932746277,0.9694859829624942
2019-09-30,2019-10-25,VTR,85259000,0.23,372426000,983155000,442816000,10665706000,12302421000,12154358000,148063000,197304000,354329000,28.638457035760123,0.007993751187216298,0.0034373704444681775,0.008690392716327542,1.1534558518676588
2019-12-31,2020-02-24,VTR,11443000,0.03,372663000,996004000,485279000,10445892000,12409969000,12303606000,106363000,123220000,354235000,28.030397436826302,0.0010954545576385435,0.0004634255470389687,0.005434792989586003,1.1880238662241578
2020-03-31,2020-05-08,VTR,473117000,1.27,372829000,1012054000,477091000,10632942000,14422636000,11574521000,2848115000,193434000,314452000,28.519621595959542,0.04449539929776726,0.01777444049905199,0.029035963316566188,1.3564106716654714
2020-06-30,2020-08-07,VTR,-157170000,-0.42,372982000,943198000,375649000,10311212000,12778948000,11786124000,992824000,292660000,405559000,27.645334091189387,-0.015242631031153272,-0.006391781690540651,0.0014186042001743304,1.2393255031513268
2020-09-30,2020-11-06,VTR,12751000,0.03,373177000,918940000,380971000,10196852000,12295174000,11706831000,588343000,263945000,434402000,27.324438537208884,0.0012504839728967332,0.0005264552321272867,0.007498670221203634,1.2057813529116632
2020-12-31,2021-02-23,VTR,110451000,0.29,374473000,921165000,492956000,10180167000,12105329000,11692002000,413327000,171490000,295763000,27.185316431358203,0.010849625551329364,0.004615702087690943,0.01037198932705646,1.1891090784660017
2021-03-31,2021-05-07,VTR,-57209000,-0.15,374669000,910291000,401094000,9970155000,11965725000,11796064000,169661000,149321000,237593000,26.61056826158556,-0.005738025136018447,-0.0024290234870424127,0.007908398257245467,1.2001543606894778
2021-06-30,2021-08-06,VTR,86391000,0.23,375067000,919194000,407302000,9882699000,11967029000,11733192000,233837000,174519000,291263000,26.349156284077246,0.008741640315059682,0.003675538031018476,0.007784219266650888,1.210906959728309
2021-09-30,2021-11-05,VTR,60680000,0.16,381996000,976078000,388356000,11076716000,12278386000,12134616000,143770000,112515000,231459000,28.99694237635996,0.005478157966675321,0.0024228946131881492,0.006122143997057389,1.1084861253100649
2021-12-31,2022-02-18,VTR,-39105000,-0.098,399142000,1022444000,385689000,10854385000,12224778000,12075053000,149725000,156792000,265801000,27.194294261190255,-0.003602691446820801,-0.0015820591698625435,0.004371857649422859,1.1262524776852858
2022-03-31,2022-05-06,VTR,38732000,0.097,399297000,1017554000,456606000,10697406000,12609411000,12459812000,149599000,200234000,274553000,26.790599478583612,0.003620690847856013,0.001552378112045772,0.00888543389122938,1.178735386877903
2022-06-30,2022-08-05,VTR,-42416000,-0.11,399592000,1022938000,366200000,10512596000,12522381000,12395308000,127073000,179516000,278079000,26.3083244909808,-0.004034778850057588,-0.0017222564987105205,0.005661698868684786,1.19117875356382
2022-09-30,2022-11-04,VTR,3063000,0.0077,399646000,1037276000,426221000,10361359000,12402864000,12257718000,145146000,191411000,300278000,25.926342312946957,0.00029561759224827557,0.00012604725080575798,-0.006752512769433678,1.1970306211762376
2022-12-31,2023-02-10,VTR,-43384000,-0.11,399655000,1051425000,378230000,10152968000,12487220000,12364656000,122564000,94933000,267253000,25.404331235690783,-0.004273036219556685,-0.0017958559208935897,-0.029809818583551615,1.2299083381332434
2023-03-31,2023-05-09,VTR,17517000,0.0438,399989000,1077245000,423112000,9996991000,12532417000,12387060000,145357000,130161000,242817000,24.99316481203233,0.001752227245178074,0.0007300524027338643,0.007845389392456496,1.253618913931202
2023-06-30,2023-08-04,VTR,103453000,0.26,400431000,1106358000,477729000,9968382000,13555708000,13417060000,138648000,183403000,311827000,24.894131573229846,0.010378113519325403,0.004126423734453167,0.008662820750026584,1.3598704383519813
2023-09-30,2023-11-03,VTR,-71124000,-0.18,402859000,1149832000,449220000,9817559000,13586164000,13152227000,433937000,127217000,286145000,24.36971496230691,-0.007244570671793264,-0.0028487649243836037,0.04323078258675879,1.3838637486161276
2023-12-31,2024-02-15,VTR,-90819000,-0.23,402995000,1164392000,480915000,9488058000,13685630000,13176836000,508794000,180038000,279084000,23.543860345661855,-0.009571927153059141,-0.003673100487259414,-0.030374556046874966,1.4424058116002243
2024-03-31,2024-05-02,VTR,-14312000,-0.0355,403365000,1199914000,463329000,9402840000,13757391000,13124948000,632443000,132324000,266448000,23.310996244096536,-0.0015220933249954268,-0.0005800770134107547,0.006033218938326563,1.4631101879857575
2024-06-30,2024-08-02,VTR,19387000,0.0475,408097000,1200980000,473366000,9619350000,13388187000,12831105000,557082000,263351000,335872000,23.571234289886963,0.0020154168420943204,0.0007903309830495263,0.005814131756629515,1.3917974707230738
2024-09-30,2024-10-31,VTR,19243000,0.0464,414599000,1236315000,482383000,9759094000,13884311000,12779578000,1104733000,206801000,353664000,23.53863371595204,0.0019718018906263223,0.000759176885452663,0.0075856200985108205,1.4227049150259234
2024-12-31,2025-02-13,VTR,56835000,0.13,421496000,1287057000,465711000,10771267000,13740554000,12842704000,897850000,203394000,373641000,25.5548498680889,0.005276538034012155,0.002170359491877353,0.03306498859966394,1.2756673843476352
2025-03-31,2025-05-01,VTR,46868000,0.11,439931000,1358074000,516043000,11469557000,12921492000,12739157000,182335000,203870000,321144000,26.07126344813164,0.004086295573577951,0.001800379106029645,0.009890079278498413,1.1265903295131625
2025-06-30,2025-07-31,VTR,68264000,-0.11,446314000,1420893000,545302000,11529388000,13273745000,12659545000,614200000,458635000,475338000,25.832458762216735,0.005920869347098042,0.002578439398269963,0.007411705657554893,1.151296582264384
