date,filingDate,symbol,netIncome,eps,weightedAverageShsOut,revenue,ebitda,totalStockholdersEquity,totalDebt,netDebt,cashAndCashEquivalents,freeCashFlow,operatingCashFlow,bookValuePerShare,ROE,ROA,ROIC,debtToEquity
2015-09-30,2015-11-03,WBD,279000000,0.43,432000000,1557000000,992000000,5645000000,7057000000,6795000000,262000000,234000000,258000000,13.06712962962963,0.04942426926483614,0.01752622652176644,0.0272659856901505,1.250132860938884
2015-12-31,2016-02-18,WBD,219000000,0.34,428000000,1646000000,978000000,5451000000,7735000000,7345000000,390000000,598000000,625000000,12.735981308411215,0.040176114474408366,0.01380484114977307,0.021884116483194004,1.4190056870299028
2016-03-31,2016-05-05,WBD,263000000,0.42,413000000,1561000000,985000000,5366000000,7990000000,7657000000,333000000,47000000,62000000,12.99273607748184,0.0490122996645546,0.016563798967124323,0.02527613089392451,1.4890048453224003
2016-06-30,2016-08-02,WBD,408000000,0.66,404000000,1708000000,1104000000,5345000000,7939000000,7754000000,185000000,300000000,328000000,13.23019801980198,0.07633302151543499,0.0260038240917782,0.03733483621710384,1.485313376987839
2016-09-30,2016-11-01,WBD,219000000,0.37,395000000,1556000000,921000000,5204000000,7996000000,7772000000,224000000,418000000,444000000,13.174683544303797,0.042083013066871636,0.013817034700315457,0.022255321110432488,1.536510376633359
2016-12-31,2017-02-14,WBD,304000000,0.52,393000000,1672000000,1109000000,5167000000,7923000000,7623000000,300000000,527000000,546000000,13.147582697201019,0.05883491387652409,0.019397651863195507,0.028676275622939118,1.5333849429069093
2017-03-31,2017-05-09,WBD,215000000,0.37,389000000,1613000000,447000000,5335000000,8102000000,7835000000,267000000,208000000,255000000,13.7146529562982,0.04029990627928772,0.013554406758290253,0.02231328337349928,1.5186504217432053
2017-06-30,2017-08-04,WBD,374000000,0.65,384000000,1745000000,644000000,5526000000,8263000000,8057000000,206000000,157000000,188000000,14.390625,0.06768005790807094,0.023159328751006254,0.03335844970994242,1.4952949692363373
2017-09-30,2017-11-02,WBD,218000000,0.38,381000000,1651000000,1777000000,5740000000,14708000000,7714000000,6994000000,699000000,724000000,15.065616797900262,0.037979094076655055,0.009419694940154691,0.03032011515298742,2.562369337979094
2017-12-31,2018-02-28,WBD,-1144000000,-1.99,381000000,1864000000,-290000000,4610000000,14785000000,7476000000,7309000000,430000000,462000000,12.0997375328084,-0.24815618221258134,-0.050720461095100866,-0.08000921964019762,3.207158351409978
2018-03-31,2018-05-10,WBD,-8000000,-0.01,422000000,2307000000,1104000000,7889000000,19367000000,18555000000,812000000,112000000,160000000,18.694312796208532,-0.0010140702243630372,-0.00023082693750360668,-0.0010677391513253314,2.4549372544048675
2018-06-30,2018-08-08,WBD,216000000,0.3,523000000,2845000000,1882000000,7936000000,18329000000,17937000000,392000000,522000000,556000000,15.173996175908222,0.02721774193548387,0.006449301325689717,0.014467229416882362,2.309601814516129
2018-09-30,2018-11-09,WBD,117000000,0.16,523000000,2592000000,1624000000,8116000000,17482000000,16951000000,531000000,907000000,931000000,15.518164435946463,0.014415968457368162,0.0035549343704423917,0.010982925310729044,2.154016757023164
2018-12-31,2019-03-01,WBD,269000000,0.38,524000000,2809000000,1827000000,8386000000,16793000000,15807000000,986000000,888000000,929000000,16.00381679389313,0.03207727164321488,0.0082642089093702,0.01663704377299219,2.0025041736227047
2019-03-31,2019-05-02,WBD,384000000,0.53,524000000,2707000000,1822000000,8708000000,16343000000,15598000000,745000000,498000000,542000000,16.61832061068702,0.044097381717960495,0.01183577857230921,0.02267888277353411,1.8767799724391365
2019-06-30,2019-08-06,WBD,947000000,1.33,528000000,2885000000,1878000000,9621000000,16509000000,15188000000,1321000000,596000000,674000000,18.22159090909091,0.09843051657831826,0.02798049933520461,0.04872978156467366,1.7159338946055505
2019-09-30,2019-11-07,WBD,262000000,0.35,535000000,2678000000,1629000000,9518000000,15368000000,14555000000,813000000,884000000,951000000,17.790654205607478,0.02752679134271906,0.007981721249047983,0.016866771228504288,1.6146249212019332
2019-12-31,2020-02-27,WBD,476000000,0.68,527000000,2874000000,1833000000,9891000000,15419000000,13867000000,1552000000,1132000000,1232000000,18.768500948766604,0.048124557678697805,0.014109974803616422,0.027697504006129296,1.5588919219492468
2020-03-31,2020-05-06,WBD,377000000,0.55,517000000,2683000000,1730000000,9470000000,15874000000,14421000000,1453000000,230000000,335000000,18.317214700193425,0.03980992608236537,0.011290805630428271,0.022206690270141386,1.6762407602956706
2020-06-30,2020-08-05,WBD,271000000,0.4,508000000,2541000000,1602000000,9867000000,15283000000,13600000000,1683000000,879000000,991000000,19.423228346456693,0.027465288334853552,0.008190032941460909,0.01729752642568624,1.5489003749873316
2020-09-30,2020-11-06,WBD,300000000,0.44,505000000,2561000000,1584000000,10087000000,15317000000,13424000000,1893000000,787000000,860000000,19.974257425742575,0.029741251115296918,0.00897182845863987,0.021119974656030414,1.5184891444433428
2020-12-31,2021-02-22,WBD,271000000,0.42,489000000,2886000000,1775000000,10464000000,15404000000,13313000000,2091000000,441000000,553000000,21.39877300613497,0.025898318042813454,0.007950244961422243,0.01861466802113225,1.4720948012232415
2021-03-31,2021-04-29,WBD,140000000,0.21,585000000,2792000000,1564000000,10815000000,15026000000,13018000000,2008000000,179000000,269000000,18.487179487179485,0.012944983818770227,0.004163568773234201,0.012412407830525569,1.3893666204345816
2021-06-30,2021-08-03,WBD,672000000,1.02,589000000,3062000000,1991000000,11538000000,15047000000,12213000000,2834000000,757000000,834000000,19.589134125636672,0.058242329693187725,0.0194376952447067,0.0368221922819624,1.3041254983532675
2021-09-30,2021-11-03,WBD,156000000,0.24,589000000,3150000000,1949000000,11611000000,14785000000,11669000000,3116000000,705000000,811000000,19.713073005093378,0.013435535268280079,0.004545719447520252,0.014236833178472928,1.2733614675738525
2021-12-31,2022-02-24,WBD,38000000,0.08,511000000,3187000000,1642000000,11599000000,14759000000,10854000000,3905000000,784000000,884000000,22.698630136986303,0.003276144495215105,0.0011037848200540273,0.007463556539111816,1.2724372790757823
2022-03-31,2022-04-26,WBD,456000000,0.69,591000000,3159000000,2327000000,11969000000,14399000000,10237000000,4162000000,238000000,323000000,20.25211505922166,0.03809842092071184,0.0134915234178526,0.02623198218723337,1.203024479906425
2022-06-30,2022-08-05,WBD,-3418000000,-1.5,2286000000,9827000000,4151000000,51383000000,52485000000,49910000000,2575000000,789000000,1011000000,22.477252843394577,-0.06652005527119864,-0.02402980877390326,-0.029593938499610964,1.021446782009614
2022-09-30,2022-11-04,WBD,-2308000000,-0.95,2428000000,9823000000,4787000000,48517000000,49869000000,47447000000,2422000000,-192000000,124000000,19.982289950576607,-0.047570954510790034,-0.01696447603436997,-0.019175757493884244,1.0278665210132532
2022-12-31,2023-02-24,WBD,-2101000000,0.0,2429000000,11008000000,4321000000,47095000000,48999000000,45268000000,3731000000,2482000000,2846000000,19.388637299300125,-0.044611954559932054,-0.01567898747024276,-0.017566065907934404,1.0404289202675443
2023-03-31,2023-05-05,WBD,-1069000000,-0.44,2432000000,10700000000,6114000000,46496000000,48930000000,46336000000,2594000000,-930000000,-631000000,19.11842105263158,-0.022991225051617343,-0.00818630153770753,-0.006151957795178422,1.0523485891259463
2023-06-30,2023-08-03,WBD,-1240000000,-0.51,2437000000,10358000000,5646000000,45452000000,47277000000,44250000000,3027000000,1722000000,2014000000,18.650800164136232,-0.02728152776555487,-0.009640952277286228,-0.00832576573362732,1.0401522485259174
2023-09-30,2023-11-08,WBD,-417000000,-0.17,2438000000,9979000000,5217000000,44774000000,44800000000,42417000000,2383000000,2059000000,2516000000,18.365053322395408,-0.00931344083619958,-0.0033697241997915134,0.00036851944521072613,1.0005806941528566
2023-12-31,2024-02-23,WBD,-400000000,-0.16,2436000000,10284000000,5390000000,45226000000,43669000000,39889000000,3780000000,3310000000,3578000000,18.56568144499179,-0.008844469995135542,-0.0032584699854183467,-0.0008339547137981154,0.9655729005439349
2024-03-31,2024-05-09,WBD,-966000000,-0.4,2443000000,9958000000,5411000000,44151000000,42578000000,39602000000,2976000000,390000000,585000000,18.07245190339746,-0.021879459128898552,-0.008062160425308173,-0.004232458234105937,0.9643722678988018
2024-06-30,2024-08-07,WBD,-9986000000,-4.07,2451000000,9713000000,-4031000000,34345000000,40958000000,37345000000,3613000000,976000000,1228000000,14.012647898816809,-0.2907555684961421,-0.0924381416101232,-0.13265952483367777,1.1925462221575194
2024-09-30,2024-11-07,WBD,135000000,0.06,2453000000,9623000000,5388000000,35100000000,40209000000,36873000000,3336000000,632000000,847000000,14.30900937627395,0.0038461538461538464,0.001269596456415224,-0.0034778959712888587,1.1455555555555557
2024-12-31,2025-02-27,WBD,-494000000,-0.2,2454000000,10027000000,4844000000,34037000000,39505000000,34193000000,5312000000,2429000000,2715000000,13.87000814995925,-0.01451361753386021,-0.004724560061208876,0.003530688500725405,1.160648705820137
2025-03-31,2025-05-08,WBD,-453000000,-0.18,2462000000,8979000000,4726000000,33836000000,37426000000,33558000000,3868000000,302000000,553000000,13.743298131600325,-0.013388107341293297,-0.004455197238367805,0.0005219324451341851,1.1061000118217283
2025-06-30,2025-08-07,WBD,1580000000,0.64,2477000000,9812000000,8007000000,36049000000,34632000000,29744000000,4888000000,702000000,983000000,14.553492127573678,0.043829232433632,0.015531766394369243,0.028690140774061682,0.9606923909123692
