date,filingDate,symbol,netIncome,eps,weightedAverageShsOut,revenue,ebitda,totalStockholdersEquity,totalDebt,netDebt,cashAndCashEquivalents,freeCashFlow,operatingCashFlow,bookValuePerShare,ROE,ROA,ROIC,debtToEquity
2015-10-02,2015-11-10,WDC,283000000,1.23,231000000,3360000000,563000000,9336000000,2536000000,-2545000000,5081000000,394000000,545000000,40.41558441558441,0.030312767780634103,0.01854400104842409,0.043398109337292615,0.27163667523564694
2016-01-01,2016-02-10,WDC,251000000,1.08,232000000,3317000000,509000000,9557000000,2505000000,-2858000000,5363000000,449000000,598000000,41.19396551724138,0.0262634718007743,0.016229147808095177,0.039464539605862395,0.26211154127864394
2016-04-01,2016-05-09,WDC,74000000,0.32,233000000,2822000000,340000000,9609000000,2203000000,-3684000000,5887000000,352000000,485000000,41.24034334763949,0.007701113539390155,0.004950826252759751,0.014675105485232067,0.22926423144968258
2016-07-01,2016-08-29,WDC,-366000000,-1.34,261000000,3495000000,161000000,11145000000,16994000000,8843000000,8151000000,204000000,355000000,42.701149425287355,-0.03283983849259758,-0.011137484024100785,-0.00977844438621936,1.5248093315388067
2016-09-30,2016-11-08,WDC,-366000000,-1.28,285000000,4714000000,473000000,10775000000,13133000000,9056000000,4077000000,257000000,440000000,37.80701754385965,-0.03396751740139211,-0.012616339193381593,-0.0023836101403724944,1.2188399071925755
2016-12-30,2017-02-07,WDC,235000000,0.82,286000000,4888000000,1040000000,10732000000,13073000000,8133000000,4940000000,914000000,1060000000,37.52447552447553,0.021897130078270592,0.008110440034512511,0.02041229163105951,1.2181326872903466
2017-03-31,2017-05-08,WDC,248000000,0.86,289000000,4649000000,1069000000,11031000000,13088000000,7436000000,5652000000,895000000,998000000,38.16955017301038,0.022482095911522074,0.008421624558543873,0.022485343699857215,1.186474481008068
2017-06-30,2017-08-29,WDC,280000000,0.96,292000000,4842000000,1162000000,11418000000,13151000000,6797000000,6354000000,814000000,939000000,39.102739726027394,0.024522683482221055,0.009377093101138647,0.022817153874901196,1.151777894552461
2017-09-29,2017-11-07,WDC,681000000,2.31,295000000,5181000000,1448000000,12059000000,13131000000,6245000000,6886000000,978000000,1133000000,40.877966101694916,0.05647234430715648,0.02232420914604163,0.047947266202107756,1.088896260054731
2017-12-29,2018-02-06,WDC,-823000000,-2.78,296000000,5336000000,1506000000,11272000000,12051000000,5779000000,6272000000,931000000,1182000000,38.08108108108108,-0.07301277501774309,-0.027580428954423593,-0.06055196623232597,1.0691092973740242
2018-03-30,2018-05-08,WDC,61000000,0.2,298000000,5013000000,531000000,11300000000,11200000000,6237000000,4963000000,814000000,1027000000,37.919463087248324,0.005398230088495575,0.0021031581850779204,-0.0008695900096937903,0.9911504424778761
2018-06-29,2018-08-24,WDC,756000000,2.53,299000000,5117000000,1332000000,11531000000,11172000000,6167000000,5005000000,673000000,863000000,38.56521739130435,0.0655623970167375,0.0258594150846588,0.04939666754561093,0.9688665336917873
2018-09-28,2018-11-06,WDC,511000000,1.75,292000000,5028000000,1179000000,11375000000,11143000000,6497000000,4646000000,428000000,705000000,38.955479452054796,0.04492307692307692,0.017801776693955756,0.034281227589828794,0.9796043956043956
2018-12-28,2019-02-05,WDC,-487000000,-1.68,290000000,4233000000,671000000,10912000000,10614000000,6601000000,4013000000,249000000,469000000,37.62758620689655,-0.04462976539589443,-0.017430831454239595,-0.06831820876625688,0.9726906158357771
2019-03-29,2019-05-07,WDC,-581000000,-1.99,292000000,3674000000,85000000,10214000000,10585000000,6903000000,3682000000,-18000000,204000000,34.97945205479452,-0.05688271000587429,-0.02158808010998402,-0.0255460966692546,1.0363226943411004
2019-06-28,2019-08-27,WDC,-197000000,-0.67,294000000,3634000000,59000000,9967000000,10522000000,7067000000,3455000000,131000000,169000000,33.90136054421769,-0.0197652252433029,-0.007470610542282897,-0.00871042724677228,1.0556837563961072
2019-10-04,2019-11-12,WDC,-276000000,-0.93,296000000,4040000000,291000000,9566000000,10212000000,6964000000,3248000000,108000000,253000000,32.317567567567565,-0.028852184821241897,-0.010502283105022832,-0.008101878441192461,1.0675308383859503
2020-01-03,2020-02-11,WDC,-139000000,-0.47,298000000,4234000000,464000000,9379000000,9833000000,6696000000,3137000000,97000000,257000000,31.473154362416107,-0.014820343320183388,-0.005375096674400619,0.014051321928460342,1.048406013434268
2020-04-03,2020-05-08,WDC,17000000,0.06,299000000,4175000000,529000000,9243000000,9629000000,6686000000,2943000000,15000000,142000000,30.91304347826087,0.0018392296873309532,0.0006664314555647027,0.003364113034197949,1.0417613329005735
2020-07-03,2020-08-28,WDC,148000000,0.49,300000000,4287000000,649000000,9551000000,9575000000,6527000000,3048000000,-43000000,172000000,31.836666666666666,0.015495759606323945,0.005767282363027044,0.013534021644483144,1.0025128258821066
2020-10-02,2020-11-06,WDC,-60000000,-0.2,303000000,3922000000,455000000,9576000000,9372000000,6377000000,2995000000,33000000,363000000,31.603960396039604,-0.006265664160401002,-0.0023620187386819936,0.10154829812574437,0.9786967418546366
2021-01-01,2021-02-09,WDC,62000000,0.2,305000000,3943000000,502000000,9829000000,9133000000,6177000000,2956000000,218000000,425000000,32.226229508196724,0.006307864482653373,0.0024264245460237947,0.007564810254977914,0.9291891341947299
2021-04-02,2021-05-06,WDC,197000000,0.64,306000000,4137000000,581000000,9949000000,8929000000,6195000000,2734000000,-46000000,116000000,32.51307189542484,0.019800985023620463,0.007753158329725688,0.016172221094486967,0.8974771333802393
2021-07-02,2021-08-27,WDC,622000000,2.03,307000000,4920000000,927000000,10721000000,8725000000,5355000000,3370000000,690000000,994000000,34.92182410423453,0.058016976028355566,0.02380223480789836,0.04388466862937957,0.8138233373752448
2021-10-01,2021-11-04,WDC,610000000,1.97,310000000,5051000000,1032000000,11361000000,8521000000,5231000000,3290000000,276000000,521000000,36.648387096774194,0.05369245664994279,0.023113940358455536,0.040838068181818184,0.7500220051051844
2021-12-31,2022-02-03,WDC,564000000,1.81,312000000,4833000000,964000000,12018000000,7308000000,4777000000,2531000000,372000000,666000000,38.51923076923077,0.046929605591612585,0.021671469740634004,0.037532178694639505,0.6080878681977034
2022-04-01,2022-05-04,WDC,25000000,0.08,313000000,4381000000,553000000,11984000000,7162000000,4657000000,2505000000,108000000,398000000,38.287539936102235,0.0020861148197596794,0.0009728004980738551,0.0019323651553162862,0.597630173564753
2022-07-01,2022-08-25,WDC,301000000,0.96,314000000,4528000000,807000000,12221000000,7022000000,4695000000,2327000000,17000000,295000000,38.9203821656051,0.02462973570084281,0.01146273658555162,0.020405419850542728,0.5745847312003928
2022-09-30,2022-11-02,WDC,27000000,0.0854,316000000,3736000000,370000000,12107000000,7071000000,5022000000,2049000000,-314000000,6000000,38.313291139240505,0.002230114809614273,0.001051156271899089,0.002889835950726837,0.5840422895845379
2022-12-30,2023-02-03,WDC,-451000000,-1.4,318000000,3107000000,-94000000,12115000000,7071000000,5200000000,1871000000,-223000000,35000000,38.09748427672956,-0.03722657862154354,-0.018006148440931048,-0.021056189807056674,0.5836566240198101
2023-03-31,2023-05-10,WDC,-571000000,-1.82,319000000,2803000000,-235000000,12487000000,7073000000,4853000000,2220000000,-491000000,-381000000,39.14420062695925,-0.045727556658925285,-0.022702874637191364,-0.02794030268078711,0.5664290862496997
2023-06-30,2023-08-22,WDC,-715000000,-2.27,321000000,2672000000,-456000000,11840000000,7070000000,5047000000,2023000000,-187000000,-68000000,36.88473520249221,-0.060388513513513514,-0.029128982318911433,-0.03717822982905713,0.5971283783783784
2023-09-29,2023-11-07,WDC,-685000000,-2.17,323000000,2750000000,-437000000,10989000000,7672000000,5640000000,2032000000,-750000000,-626000000,34.021671826625386,-0.062335062335062336,-0.028540477480104996,-0.03527385380696445,0.6981526981526982
2023-12-29,2024-02-12,WDC,-287000000,-0.87,325000000,3032000000,-8000000,10944000000,8393000000,5912000000,2481000000,-242000000,-92000000,33.673846153846156,-0.026224415204678362,-0.011769530449046545,-0.009926692235662336,0.7669042397660819
2024-03-29,2024-04-30,WDC,127000000,0.35,326000000,1752000000,236000000,10997000000,7768000000,5874000000,1894000000,-39000000,58000000,33.73312883435583,0.01154860416477221,0.005335910255871602,0.0037934917906466722,0.70637446576339
2024-06-28,2024-08-20,WDC,39000000,0.0871,333000000,3764000000,343000000,11047000000,7434000000,5883000000,1551000000,250000000,366000000,33.174174174174176,0.0035303702362632387,0.0016123697701339508,0.004629790486779472,0.6729428804200235
2024-09-27,2024-10-31,WDC,493000000,1.4,344000000,4095000000,862000000,11872000000,7400000000,5695000000,1705000000,-62000000,34000000,34.51162790697674,0.041526280323450133,0.019902305114852043,0.0324880829319885,0.6233153638814016
2024-12-27,2025-01-31,WDC,594000000,1.68,346000000,4285000000,956000000,12346000000,7366000000,5075000000,2291000000,287000000,403000000,35.68208092485549,0.04811274906852422,0.023334380892520427,0.03846816176762793,0.5966304876073222
2025-03-28,2025-05-02,WDC,524000000,1.46,348000000,2294000000,275000000,5406000000,7333000000,3856000000,3477000000,379000000,508000000,15.53448275862069,0.09692933777284499,0.03201368523949169,0.18585093406946138,1.356455789863115
2025-06-27,2025-08-14,WDC,257000000,0.0,348000000,2605000000,507000000,5540000000,4711000000,2597000000,2114000000,675000000,746000000,15.919540229885058,0.0463898916967509,0.018354520782745323,0.03757412240454267,0.8503610108303249
