date,filingDate,symbol,netIncome,eps,weightedAverageShsOut,revenue,ebitda,totalStockholdersEquity,totalDebt,netDebt,cashAndCashEquivalents,freeCashFlow,operatingCashFlow,bookValuePerShare,ROE,ROA,ROIC,debtToEquity
2015-09-30,2015-10-30,WELL,198395000,0.52,351765000,976925000,526830000,14645093000,11467775000,11175733000,292042000,415113000,416978000,41.633172714738535,0.013546858323125705,0.007225828793220487,0.012513416336995539,0.7830455566243246
2015-12-31,2016-02-18,WELL,149282000,0.38,355076000,1022350000,480171000,14590560000,12967686000,12606778000,360908000,334785000,337144000,41.09137198796877,0.010231409897906591,0.0051434260346966435,0.0091705858119723,0.8887723295062012
2016-03-31,2016-05-05,WELL,165321000,0.42,355076000,1043000000,530573000,14519594000,13063198000,12707249000,355949000,370675000,373712000,40.89151054985412,0.01138606217226184,0.005683420474346845,0.01115424573274953,0.8996944404919311
2016-06-30,2016-08-02,WELL,211826000,0.55,356646000,1061855000,571685000,14393374000,12973727000,12507142000,466585000,470723000,475029000,40.357592682940506,0.014716910711831708,0.007313297059735295,0.012781690616994409,0.9013680183673404
2016-09-30,2016-11-02,WELL,351262000,0.93,358932000,1076249000,543902000,14789845000,13430888000,13002271000,428617000,418839000,423605000,41.20514470707543,0.02375021509691278,0.011765072737149723,0.01165966341762905,0.9081155346793696
2016-12-31,2017-02-22,WELL,349395000,0.92,362088000,1070406000,494827000,14806393000,12358245000,11938867000,419378000,351515000,356349000,40.891697598373874,0.02359757707363299,0.01210437459882466,0.011070366329592083,0.8346560164923355
2017-03-31,2017-05-05,WELL,336787000,0.86,362534000,1058226000,469111000,14636203000,11454185000,11073825000,380360000,381397000,385526000,40.37194580370393,0.02301054446976446,0.012128917070262236,0.009019788510226041,0.7825926573989169
2017-06-30,2017-07-28,WELL,200109000,0.51,366524000,1053540000,502363000,14828832000,11379946000,10937662000,442284000,455224000,458583000,40.45801093516386,0.013494589459237248,0.007152935756657561,0.011182718833985226,0.7674202526537491
2017-09-30,2017-11-07,WELL,85719000,0.2,369089000,1085447000,442092000,14729925000,11521592000,11285345000,236247000,315810000,318355000,39.90887021829423,0.0058193778990728055,0.003041797273202039,0.007916296286360149,0.7821894544609018
2017-12-31,2018-02-28,WELL,-99847000,-0.3,370485000,1101891000,309266000,14423147000,11731936000,11488159000,243777000,268257000,271713000,38.93044792636679,-0.006922691698281936,-0.0035730536068975427,0.003099392478040695,0.813410277243933
2018-03-31,2018-05-04,WELL,449347000,1.18,371426000,1093951000,475253000,14558435000,11349840000,11147016000,202824000,366308000,368644000,39.19605789578543,0.03086506207569701,0.016194634460314664,0.00929277818449596,0.7796057749339129
2018-06-30,2018-08-02,WELL,166108000,0.42,371640000,1110408000,521259000,14341923000,11435559000,11220439000,215120000,467680000,469780000,38.590902486277045,0.011581989388731204,0.006014269461488479,0.010711322339609934,0.7973518613926459
2018-09-30,2018-10-30,WELL,76060000,0.17,373023000,1232680000,446828000,14307685000,13504060000,13312861000,191199000,370803000,372724000,38.35603970800728,0.005316024220550005,0.002514453396146843,0.00699757729001702,0.9438326326026887
2018-12-31,2019-02-25,WELL,113439000,0.27,378240000,1234049000,476809000,14632334000,13297144000,13081768000,215376000,371248000,372796000,38.685316201353636,0.007752625110935822,0.003738670187059078,0.008096397588950062,0.9087507160511782
2019-03-31,2019-04-30,WELL,280470000,0.72,391474000,1264488000,531470000,15078491000,13138135000,12889008000,249127000,341568000,343895000,38.51722208882327,0.0186006676662804,0.009154516567628465,0.009890927677023162,0.8713163008155126
2019-06-30,2019-08-01,WELL,137762000,0.34,404607000,1317027000,555525000,14994455000,15619830000,15351164000,268666000,506658000,510587000,37.05930693240602,0.009187529656796463,0.004155879792198167,0.009902697547012042,1.0417070843855278
2019-09-30,2019-10-30,WELL,589876000,1.46,405023000,1261905000,491556000,15266065000,14142181000,13876393000,265788000,351270000,355418000,37.69184712966918,0.03863968874755872,0.018512328428784187,0.007357577166580391,0.9263802427148057
2019-12-31,2020-02-14,WELL,224324000,0.55,405974000,1256985000,563124000,15540444000,15388765000,15103848000,284917000,321200000,326068000,38.279407055624254,0.014434851410937808,0.006720160370268482,0.009917235325632798,0.9902397254544336
2020-03-31,2020-05-07,WELL,310284000,0.76,410306000,1255173000,495153000,16132783000,14429729000,14126306000,303423000,407111000,411857000,39.318905889750575,0.019233135411292644,0.009424528023364073,0.007077499289917527,0.8944352006718246
2020-06-30,2020-08-06,WELL,179246000,0.43,417084000,1181934000,399266000,16048140000,14883074000,13204304000,1678770000,395218000,399759000,38.47699743936473,0.011169269460510688,0.005405056266308255,0.004403205426673491,0.9274018048197485
2020-09-30,2020-10-29,WELL,325585000,0.78,417027000,1032752000,301342000,16107874000,14209074000,12605334000,1603740000,294021000,297968000,38.6254942725531,0.02021278537440757,0.010005194274884542,0.001507650130677157,0.8821197632909222
2020-12-31,2021-02-10,WELL,163729000,0.39,417123000,1116679000,336855000,15972719000,14216986000,12671940000,1545046000,250934000,255172000,38.29258755810636,0.010250540311890544,0.0050403523102489555,0.0031715974748492987,0.8900792657781058
2021-03-31,2021-04-29,WELL,71546000,0.17,417241000,1045886000,375311000,15798878000,14922100000,12790254000,2131846000,299162000,303658000,37.865113926963076,0.004528549432434379,0.002168569825684219,0.004217094031975509,0.9445037805849251
2021-06-30,2021-07-30,WELL,26257000,0.0629,417452000,1134062000,374261000,15920446000,13871538000,13357936000,513602000,330393000,335255000,38.13718942537106,0.0016492628410033237,0.0008160400714617015,0.004637394419430892,0.8713033541899518
2021-09-30,2021-11-05,WELL,179663000,0.42,428031000,1233465000,485408000,16863203000,14213955000,13909973000,303982000,348413000,353082000,39.39715347720142,0.010654144411355305,0.005366274368074696,0.006767924295240893,0.8428976986163305
2021-12-31,2022-02-16,WELL,58672000,0.13,436909000,1296068000,478801000,17636001000,14676898000,14407633000,269265000,278005000,283330000,40.365387300330276,0.003326831292422812,0.0016806489197680055,0.005769195413791572,0.8322123592530982
2022-03-31,2022-05-10,WELL,61925000,0.14,447379000,1389719000,481671000,17895576000,15090672000,14789583000,301089000,319041000,324520000,40.00092986036448,0.0034603524357081326,0.0017457208273699031,0.004901193381846827,0.843262714762576
2022-06-30,2022-08-09,WELL,89784000,0.2,454327000,1408550000,552829000,18556180000,15445261000,15081922000,363339000,388424000,394811000,40.8432252540571,0.0048384958542113735,0.0024548807255361377,0.006829090453705579,0.8323513244644103
2022-09-30,2022-11-08,WELL,-6767000,-0.0146,462890758,1468480000,508433000,19169307000,15511359000,15167913000,343446000,347128000,355991000,41.41216187340686,-0.0003530122398269275,-0.00018086576515493144,-0.018665945837832005,0.8091768262671154
2022-12-31,2023-02-21,WELL,-3728000,-0.0077,483305000,1509319000,496557000,20294814000,14963912000,14332231000,631681000,243624000,253386000,41.99173192911309,-0.00018369224768455627,-9.838168202750079e-05,-0.0033371049664444297,0.7373268855777638
2023-03-31,2023-05-03,WELL,25673000,0.0522,492061000,1552149000,531229000,20448155000,15376235000,14804333000,571902000,365723000,376058000,41.55613836495882,0.001255516695760571,0.00066693702992701,0.00467696092815384,0.7519619740754117
2023-06-30,2023-08-01,WELL,103040000,0.21,499023000,1581598000,656755000,21204441000,16339907000,14136119000,2203788000,404375000,416245000,42.491911194474,0.004859359414379281,0.002571876317808933,0.00835169653073538,0.7705889063522118
2023-09-30,2023-10-31,WELL,127470000,0.24,521847999,1626535000,578809000,22954036000,16199353000,13617316000,2582037000,425109000,439056000,43.98605732701104,0.005553271764494923,0.0030601587306998378,0.006049521997768327,0.7057300511334913
2023-12-31,2024-02-15,WELL,83911000,0.15,548892000,1717949000,634317000,25404376000,16118779000,14125133000,1993646000,370502000,370502000,46.283013780488695,0.0033030136225349525,0.0019065410232252601,0.006471857187365959,0.6344882865849568
2024-03-31,2024-04-30,WELL,127146000,0.22,574049000,1830590000,667182000,27547943000,14586465000,12197977000,2388488000,406806000,406806000,47.98883544784505,0.004615444427193711,0.002853777086625016,0.0069258029389768876,0.5294937992284942
2024-06-30,2024-07-30,WELL,254714000,0.42,600545000,1792737000,620921000,28976426000,14329437000,11552809000,2776628000,437668000,602761000,48.250216053751174,0.008790387054635378,0.005593937550359416,0.005500090717518828,0.4945205112597392
2024-09-30,2024-10-29,WELL,449849000,0.74,611290000,2011056000,741906000,30334281000,16155983000,12591041000,3564942000,669316000,684984000,49.62338824453205,0.01482972350655023,0.009189275139132492,0.0076010458890119524,0.5325981848720924
2024-12-31,2025-02-12,WELL,119971000,0.19,625675000,2219235000,748327000,31956208000,16758356000,13251770000,3506586000,545052000,559212000,51.07477204619011,0.003754231415692375,0.0023503306186460596,0.005827938041729013,0.5244162886910737
2025-03-31,2025-04-29,WELL,257957000,0.4,643393000,2388587000,843307000,33956759000,17009584000,13507733000,3501851000,587438000,598958000,52.7776320227295,0.00759663194005058,0.0048402985018054885,0.007399282561344688,0.5009189481245839
2025-06-30,2025-07-29,WELL,301888000,0.46,656593000,2516141000,947716000,35900526000,17306750000,12897010000,4409740000,781554000,770034000,54.67698559076932,0.008409013282980868,0.00540693359783406,0.008972920742380803,0.4820751094287588
