date,filingDate,symbol,netIncome,eps,weightedAverageShsOut,revenue,ebitda,totalStockholdersEquity,totalDebt,netDebt,cashAndCashEquivalents,freeCashFlow,operatingCashFlow,bookValuePerShare,ROE,ROA,ROIC,debtToEquity
2015-09-30,2015-09-30,XYZ,-53930000,-0.17,322944713,332188000,-29642000,236462000,122000,-173961000,174083000,3665000,13629000,0.7322058249642254,-0.22807047221117982,-0.09019209092459854,-0.5895715050045294,0.0005159391360979777
2015-12-31,2016-03-10,XYZ,-48289000,-0.24,327134357,374360000,-25548000,508048000,0,-461329000,461329000,16570000,24694000,1.5530255050526534,-0.09504810569080087,-0.05396793820101657,-0.7612360926073298,0.0
2016-03-31,2016-05-06,XYZ,-96755000,-0.29,331324000,379269000,-80154000,444884000,101000,-370545000,370646000,-21676000,-13749000,1.3427460733300334,-0.2174836586615837,-0.10237876811111146,-1.2050993636774174,0.0002270254718083815
2016-06-30,2016-08-04,XYZ,-27345000,-0.0818,334488000,438533000,-20342000,471459000,86000,-342350000,342436000,-27102000,-18789000,1.409494511013848,-0.05800080176643144,-0.029299511835524143,-0.07760356021431263,0.0001824124685285465
2016-09-30,2016-11-02,XYZ,-32323000,-0.094,343893000,439002000,-9416000,510389000,1267000,-436633000,437900000,51939000,55773000,1.4841505933531651,-0.06333012662890462,-0.030719211410671653,-0.2607769121496372,0.0024824202715967624
2016-12-31,2017-02-27,XYZ,-15167000,-0.0447,338965247,451917000,-4050000,576153000,0,-452030000,452030000,-24863000,-19104000,1.6997406226721525,-0.026324604749085746,-0.01252061728863874,-0.1208702896276343,0.0
2017-03-31,2017-05-04,XYZ,-15090000,-0.0411,366737000,461554000,-3641000,627933000,349902000,-354592000,704494000,37490000,43998000,1.7122161112732013,-0.0240312262614005,-0.009483927288633806,-0.04951519388211807,0.557228239318526
2017-06-30,2017-08-02,XYZ,-15962000,-0.0424,376357000,551505000,-1739000,703744000,353737000,-363252000,716989000,39217000,46592000,1.869884179117168,-0.022681543288468536,-0.009164535624103612,-0.0328547987222409,0.502650111404147
2017-09-30,2017-11-08,XYZ,-16097999,-0.0419,383951000,585159000,-2970000,732909000,357629000,-300783000,658412000,33985000,39727000,1.9088607660873393,-0.021964526291804305,-0.007725116275052163,-0.026819062249805223,0.48795825948378313
2017-12-31,2018-02-27,XYZ,-15663000,-0.0413,379344000,616035000,-3376999,786333000,358572000,-337902000,696474000,-9078000,-2606000,2.0728758066557003,-0.019919041932616333,-0.007160981497483164,-0.02867138932530217,0.45600528020571435
2018-03-31,2018-05-02,XYZ,-23986000,-0.0606,395948000,668603000,-8844999,809980000,362965000,-375621000,738586000,42386000,52053000,2.045672664087203,-0.029613076866095458,-0.010079794521123613,-0.044075700244748876,0.4481160028642682
2018-06-30,2018-08-01,XYZ,-5906000,-0.0146,403301000,814938000,9681000,1081629000,1071436999,-316540000,1387977000,3919000,18979000,2.6819397918676127,-0.00546028259227517,-0.0016614029318445032,-0.003853857952147891,0.9905771747983828
2018-09-30,2018-11-07,XYZ,19643000,0.0479,409690000,882108000,43767999,1122144000,1023947000,302209000,721738000,33598000,47628000,2.7390075422880713,0.017504883508711894,0.004943664921044313,0.01860152797631783,0.9124916231784869
2018-12-31,2019-02-27,XYZ,-28204000,-0.0695,405731000,932528000,91000,1120501000,899695000,316522000,583173000,152390000,176420000,2.761684465816021,-0.02517088338163018,-0.008596099448251354,-0.015962302126764933,0.8029399349041187
2019-03-31,2019-05-01,XYZ,-38151000,-0.091,419289000,959359000,-7680000,1121589000,1051090000,529414000,521676000,14276000,32444000,2.6749783562173106,-0.03401513388594218,-0.008665578973836088,-0.020262905901100383,0.93714364174399
2019-06-30,2019-08-01,XYZ,-6740000,-0.0159,423305000,1174238000,24374000,1184472000,1056153000,438871000,617282000,121398000,133392000,2.798152632262789,-0.005690299137505995,-0.001448214720823308,-0.001192758119040308,0.891665653557028
2019-09-30,2019-11-06,XYZ,29397000,0.0688,427124000,1266474000,64356000,1249794000,1064729000,452681000,612048000,223083000,238747000,2.926068308032328,0.023521476339300715,0.0073483241111619935,0.02030595867485233,0.8519235970087871
2019-12-31,2020-02-26,XYZ,390940000,0.92,424999000,1313429000,423973000,1715050000,1074937000,27819000,1047117999,44444000,61116000,4.035421259814729,0.22794670709308767,0.08589712998032632,0.22778082313279938,0.626767149645783
2020-03-31,2020-05-06,XYZ,-105891000,-0.24,434940000,1381109000,-60964000,1807945000,2149135000,186819000,1962316000,95159000,121296000,4.1567687497126045,-0.05856981268788597,-0.01763711524211122,-0.048445957384917714,1.188717024024514
2020-06-30,2020-08-05,XYZ,-11478000,-0.0261,440117000,1923625000,40813000,1926307000,2655142000,682380000,1972762000,-303553000,-273129000,4.376806621875547,-0.005958551778091447,-0.0014692268779172052,0.000913440977248906,1.3783586936038752
2020-09-30,2020-11-05,XYZ,36515000,0.0822,444458000,3033874000,89189000,2062835000,2668373000,549565000,2118808000,382918000,412710000,4.641237192265636,0.017701367293069974,0.004500093415604793,0.01993511636037952,1.2935465027498565
2020-12-31,2021-02-23,XYZ,293959000,0.67,443126000,3158970000,358337000,2681569000,3493427000,335369000,3158058000,68677000,120726000,6.051481971267766,0.10962201606596735,0.029784437993626862,0.10330967165114183,1.3027548424075606
2021-03-31,2021-05-06,XYZ,39008000,0.0857,454973000,5057270000,89841000,2314373000,4204951000,1182466000,3022485000,-233342000,-29193000,5.086835922131643,0.016854672950297987,0.0034372158269831313,0.011225853829390994,1.8168856100550776
2021-06-30,2021-08-02,XYZ,204021000,0.45,455431000,4680672000,249791000,2688852000,6131314000,1550080000,4581234000,242868000,275347000,5.903972281201763,0.0758766194643662,0.014767342748330739,0.04964773225072167,2.2802720268724346
2021-09-30,2021-11-04,XYZ,84000,0.0002,460654000,3844727000,70028000,2959825000,5919296000,1404687000,4514609000,375922000,407322000,6.425267120224724,2.838005625332579e-05,6.0390701959951476e-06,0.0029862119947908455,1.999880398334361
2021-12-31,2022-02-24,XYZ,-76829000,-0.17,458432000,4078534000,-1179000,3272855000,5516240000,-1758424000,7274664000,138762000,175054000,7.139237662292335,-0.023474611615852216,-0.005517040214095255,-0.04413094707430248,1.6854519983317318
2022-03-31,2022-05-05,XYZ,-204199000,-0.38,537365789,3960645000,-100565000,17412822000,5153542000,-2030928000,7184470000,188236000,229423000,32.40403902973436,-0.011726933176023966,-0.007010530644494421,-0.012465513324056383,0.29596248098096906
2022-06-30,2022-08-04,XYZ,-208014000,-0.36,577816666,4404499000,-78992999,16855104000,5090939000,-1834904000,6925843000,-158859000,-114626000,29.170332030540635,-0.0123413062298518,-0.007201414151765128,-0.013064386732170565,0.30204138758206417
2022-09-30,2022-11-03,XYZ,-14711000,-0.0248,592672000,4515541000,81817000,16497664000,5038633000,-2276812000,7315445000,-20552000,15737000,27.836077965552615,-0.0008917020009620755,-0.0005051692713681005,-0.00109705192567585,0.3054149363206815
2022-12-31,2023-02-23,XYZ,-113823000,-0.19,598875000,4650902000,38986000,17222879000,6332764000,-1391762000,7724526000,-3737000,45369000,28.75872093508662,-0.006608825388600826,-0.00362905771331391,-0.0073323008076304165,0.367694855198135
2023-03-31,2023-05-04,XYZ,98316000,0.16,602234000,4990131000,167879000,17448897000,5654957000,593866000,5061091000,262148000,294401000,28.973616567646463,0.005634510880544483,0.003137344802892729,0.005311159937089459,0.3240867889815614
2023-06-30,2023-08-03,XYZ,-102042000,-0.17,606692000,5534957000,-18983000,17747156000,5307795000,561911000,4745884000,83796000,113318000,29.252332320188827,-0.005749766328757126,-0.003283635266967444,-0.005755509005456149,0.29907862420322445
2023-09-30,2023-11-02,XYZ,-88738000,-0.15,611276000,5617493000,103113000,17812660000,5383475000,271182000,5112293000,453483000,491165000,29.140126554944086,-0.004981737707899887,-0.002725795669825167,-0.005172794586460112,0.3022274606936864
2023-12-31,2024-02-22,XYZ,178070000,0.29,615053000,5773042000,211336000,18695256000,6071517000,1075052000,4996465000,-849617000,-797923000,30.396170736505635,0.009524876257377808,0.005390946068499619,0.007981868567753219,0.32476244240784935
2024-03-31,2024-05-02,XYZ,472005000,0.77,616401000,5957128000,603952000,18970801000,5411854000,-341582000,5753436000,457397000,489395000,30.776720024789057,0.024880604672412092,0.013253790838863409,0.025273201200758873,0.28527282532772336
2024-06-30,2024-08-01,XYZ,195268000,0.32,617666000,6155563000,345804000,19301996000,7369063000,-430030000,7799093000,481035000,519392000,31.24989233663501,0.010116466711525586,0.005200683950078036,0.010061060940868588,0.3817772524665325
2024-09-30,2024-11-07,XYZ,283754000,0.46,616428000,5975801000,430664000,19920914000,7409195000,-890609000,8299804000,628164000,684763000,32.31669229820839,0.014244025148645287,0.007804995319131789,0.015402507799942771,0.37193047467601137
2024-12-31,2025-02-24,XYZ,1946020000,3.15,637954213,6032561000,382779000,21267932000,7918613000,-156634000,8075247000,-13193000,13800000,33.33770914371248,0.09150019851483444,0.052913193480976665,0.09645379453712875,0.372326420829256
2025-03-31,2025-05-01,XYZ,189872000,0.31,619370000,5771796000,333241000,21469194000,6044956999,-1043874000,7088831000,101454000,133336000,34.66295429226472,0.008843927722670912,0.005216899080044556,0.009941299953216732,0.28156422635148765
2025-06-30,2025-08-07,XYZ,538458000,0.88,612882000,6054457000,775466000,22157136000,6122475000,-5199563000,11322038000,343012000,374322000,36.15236864518782,0.024301787017961166,0.014608830862964148,0.0328863445817653,0.27632068512825847
