date,filingDate,symbol,netIncome,eps,weightedAverageShsOut,revenue,ebitda,totalStockholdersEquity,totalDebt,netDebt,cashAndCashEquivalents,freeCashFlow,operatingCashFlow,bookValuePerShare,ROE,ROA,ROIC,debtToEquity
2015-09-05,2015-10-15,YUM,421000000,0.97,436000000,3427000000,782000000,1839000000,3217000000,2356000000,861000000,632000000,870000000,4.217889908256881,0.22892876563349646,0.05060096153846154,0.10724050189012439,1.7493202827623708
2015-12-26,2016-02-16,YUM,275000000,0.64,433000000,3951000000,683000000,911000000,3928000000,3615000000,737000000,-9000000,322000000,2.1039260969976907,0.3018660812294182,0.034055727554179564,0.0728198187595622,4.311745334796926
2016-03-19,2016-04-26,YUM,364000000,0.88,415000000,1443000000,423000000,156000000,4831000000,3897000000,934000000,499000000,659000000,0.3759036144578313,2.3333333333333335,0.04427685196448121,0.06336495973801674,30.96794871794872
2016-06-11,2016-07-19,YUM,336000000,0.82,408000000,1509000000,489000000,-389000000,5363000000,4568000000,795000000,172000000,278000000,-0.9534313725490197,-0.8637532133676092,0.04105571847507331,0.07256980875071328,-13.7866323907455
2016-09-03,2016-10-11,YUM,640000000,1.65,388000000,1518000000,476000000,-1896000000,9167000000,6282000000,2885000000,243000000,349000000,-4.88659793814433,-0.33755274261603374,0.06134969325153374,0.06588617058505393,-4.834915611814346
2016-12-31,2017-02-22,YUM,267000000,0.83,366000000,1886000000,-84000000,-5656000000,9125000000,8400000000,704000000,208000000,-338000000,-15.453551912568306,-0.047206506364922206,0.04874041621029573,-0.024826459779501833,-1.6133309759547383
2017-03-31,2017-05-10,YUM,280000000,0.78,357000000,1417000000,527000000,-5800000000,9108000000,8583000000,525000000,212000000,288000000,-16.246498599439775,-0.04827586206896552,0.05423203563819485,0.13250478150069223,-1.5703448275862069
2017-06-30,2017-08-08,YUM,206000000,0.59,350000000,1448000000,481000000,-6102000000,9849000000,8879000000,970000000,77000000,151000000,-17.434285714285714,-0.033759423139954114,0.0368120085775554,0.09922572532527758,-1.6140609636184857
2017-09-30,2017-11-08,YUM,418000000,1.21,345000000,1436000000,694000000,-6121000000,9851000000,8871000000,980000000,201000000,279000000,-17.742028985507247,-0.06828949518052606,0.07664099743307665,0.18390839694656486,-1.6093775526874694
2017-12-31,2018-02-22,YUM,436000000,1.29,337000000,1577000000,1268000000,-6334000000,9804000000,8282000000,1522000000,222000000,312000000,-18.795252225519288,-0.0688348594884749,0.08209376765204293,0.24800490406239895,-1.5478370697821282
2018-03-31,2018-05-09,YUM,433000000,1.3,332000000,1371000000,653000000,-6754000000,9480000000,8498000000,982000000,147000000,189000000,-20.343373493975903,-0.06411015694403316,0.08953680727874276,0.30047223373767595,-1.4036126739709802
2018-06-30,2018-08-07,YUM,321000000,0.99,324000000,1368000000,503000000,-7247000000,9666000000,9353000000,313000000,149000000,192000000,-22.367283950617285,-0.044294190699599834,0.07420249653259361,0.20024021004413164,-1.3337932937767352
2018-09-30,2018-11-07,YUM,454000000,1.43,318000000,1391000000,677000000,-7458000000,9700000000,9502000000,198000000,353000000,415000000,-23.452830188679247,-0.060874229015821936,0.10926594464500601,0.268283163657952,-1.300616787342451
2018-12-31,2019-02-21,YUM,334000000,1.07,313000000,1558000000,595000000,-7926000000,10072000000,9780000000,292000000,293000000,380000000,-25.322683706070286,-0.04213979308604592,0.08087167070217918,0.23021577430317508,-1.2707544789301035
2019-03-31,2019-05-08,YUM,262000000,0.85,308000000,1254000000,440000000,-7904000000,10074000000,9796000000,278000000,256000000,300000000,-25.662337662337663,-0.03314777327935223,0.05522765598650928,0.19173849406407548,-1.2745445344129556
2019-06-30,2019-08-09,YUM,289000000,0.94,307000000,1310000000,524000000,-7994000000,10194000000,9942000000,252000000,129000000,161000000,-26.039087947882734,-0.03615211408556417,0.06183140778776209,0.19518624829111267,-1.2752064048036027
2019-09-30,2019-11-05,YUM,255000000,0.83,306000000,1339000000,450000000,-8097000000,10575000000,9884000000,691000000,389000000,422000000,-26.46078431372549,-0.031493145609485,0.0509694183489906,0.19977616116396194,-1.306039273805113
2019-12-31,2020-02-20,YUM,488000000,1.61,303000000,1694000000,557000000,-8016000000,11269000000,10664000000,605000000,345000000,432000000,-26.455445544554454,-0.06087824351297405,0.09329000191168037,0.24556530474023452,-1.405813373253493
2020-03-31,2020-05-06,YUM,83000000,0.28,302000000,1263000000,240000000,-8229000000,11506000000,10352000000,1154000000,203000000,238000000,-27.248344370860927,-0.010086280228460323,0.013640098603122432,0.08765649403773211,-1.3982257868513792
2020-06-30,2020-08-05,YUM,206000000,0.68,303000000,1198000000,415000000,-8108000000,11686000000,10443000000,1243000000,92000000,124000000,-26.75907590759076,-0.025407005426739022,0.03208223018221461,0.13353552354210585,-1.4412925505673408
2020-09-30,2020-11-05,YUM,283000000,0.94,303000000,1448000000,524000000,-7919000000,11091000000,9981000000,1110000000,459000000,491000000,-26.135313531353134,-0.035736835459022606,0.04669196502227355,0.20717105182384069,-1.4005556257103169
2020-12-31,2021-02-22,YUM,332000000,1.1,302000000,1743000000,530000000,-7891000000,11645000000,10915000000,730000000,391000000,452000000,-26.129139072847682,-0.04207324800405525,0.05673274094326726,0.1509589947089947,-1.4757318464072995
2021-03-31,2021-05-05,YUM,326000000,1.09,301000000,1486000000,579000000,-7912000000,10623000000,10062000000,561000000,279000000,324000000,-26.285714285714285,-0.04120323559150657,0.058738738738738736,0.20019332461477227,-1.3426440849342771
2021-06-30,2021-08-05,YUM,391000000,1.31,298000000,1602000000,605000000,-7893000000,10658000000,10106000000,552000000,410000000,449000000,-26.486577181208055,-0.049537564930951475,0.06921579040538148,0.2457069072523207,-1.35031040162169
2021-09-30,2021-11-03,YUM,528000000,1.78,296000000,1606000000,616000000,-7855000000,11253000000,10252000000,1001000000,465000000,519000000,-26.53716216216216,-0.06721833227243794,0.08225580308459261,0.28181568423944564,-1.4325907065563335
2021-12-31,2022-02-23,YUM,330000000,1.13,293000000,1890000000,582000000,-8373000000,12127000000,11641000000,486000000,322000000,414000000,-28.576791808873722,-0.039412396990326046,0.05531344284277573,0.1327367759436303,-1.4483458736414667
2022-03-31,2022-05-10,YUM,399000000,1.38,289000000,1547000000,553000000,-8491000000,11405000000,11040000000,365000000,211000000,253000000,-29.380622837370243,-0.04699093157460841,0.06860385144429161,0.20294095033819548,-1.3431869037804733
2022-06-30,2022-08-08,YUM,224000000,0.78,286000000,1636000000,572000000,-8568000000,11612000000,11200000000,412000000,214000000,269000000,-29.958041958041957,-0.026143790849673203,0.0386873920552677,0.11740316421167485,-1.3552754435107377
2022-09-30,2022-11-08,YUM,331000000,1.16,285000000,1640000000,604000000,-8542000000,11589000000,11179000000,410000000,392000000,453000000,-29.971929824561403,-0.0387497073284945,0.057276345388475515,0.16034168717587186,-1.356708030906111
2022-12-31,2023-02-27,YUM,371000000,1.31,283000000,2019000000,606000000,-8876000000,12661000000,12294000000,367000000,331000000,452000000,-31.363957597173144,-0.0417981072555205,0.06346219637358878,0.1433682817101363,-1.4264308246958088
2023-03-31,2023-05-09,YUM,300000000,1.07,281000000,1645000000,530000000,-8774000000,11747000000,11398000000,349000000,287000000,349000000,-31.224199288256226,-0.03419193070435377,0.05218298834579927,0.15439073696666886,-1.3388420332801458
2023-06-30,2023-08-07,YUM,418000000,1.49,281000000,1687000000,641000000,-8436000000,11568000000,11131000000,437000000,269000000,329000000,-30.02135231316726,-0.04954954954954955,0.07147742818057455,0.19566219793356673,-1.3712660028449501
2023-09-30,2023-11-07,YUM,416000000,1.48,281000000,1708000000,668000000,-8190000000,11525000000,10869000000,656000000,420000000,477000000,-29.14590747330961,-0.050793650793650794,0.06852248394004283,0.1940254047801197,-1.4072039072039073
2023-12-31,2024-02-20,YUM,463000000,1.65,281000000,2036000000,645000000,-7858000000,12031000000,11519000000,512000000,342000000,448000000,-27.964412811387902,-0.05892084499872741,0.07430588990531214,0.16244619427516505,-1.5310511580554849
2024-03-31,2024-05-07,YUM,314000000,1.11,282000000,1598000000,535000000,-7756000000,11188000000,10536000000,652000000,314000000,363000000,-27.50354609929078,-0.04048478597215059,0.05044987146529563,0.147453838495783,-1.442496132026818
2024-06-30,2024-08-08,YUM,367000000,1.3,282000000,1763000000,649000000,-7630000000,11164000000,10760000000,404000000,292000000,342000000,-27.05673758865248,-0.048099606815203144,0.05738858483189992,0.1463849217022784,-1.4631716906946264
2024-09-30,2024-11-07,YUM,382000000,1.36,282000000,1826000000,666000000,-7674000000,11193000000,10736000000,457000000,419000000,471000000,-27.21276595744681,-0.04977847276518113,0.05912397461693236,0.1545769892344404,-1.4585613760750586
2024-12-31,2025-02-19,YUM,423000000,1.51,280000000,2362000000,714000000,-7648000000,12286000000,11670000000,616000000,407000000,513000000,-27.314285714285713,-0.05530857740585774,0.06288092760517318,0.13126525699561503,-1.6064330543933054
2025-03-31,2025-05-07,YUM,253000000,0.9,280000000,1787000000,594000000,-7804000000,11357000000,10750000000,607000000,333000000,404000000,-27.87142857142857,-0.032419272168118914,0.037993692746658654,0.1099013003289989,-1.4552793439261917
2025-06-30,2025-08-07,YUM,374000000,1.34,279000000,1933000000,666000000,-7680000000,11389000000,10712000000,677000000,377000000,448000000,-27.526881720430108,-0.04869791666666667,0.05406968338875235,0.153756060934534,-1.4829427083333333
