date,filingDate,symbol,netIncome,eps,weightedAverageShsOut,revenue,ebitda,totalStockholdersEquity,totalDebt,netDebt,cashAndCashEquivalents,freeCashFlow,operatingCashFlow,bookValuePerShare,ROE,ROA,ROIC,debtToEquity
2015-09-30,2015-11-09,ZBH,22200000,0.11,203500000,1762200000,362100000,9991600000,11914600000,10447700000,1466900000,44800000,151300000,49.0987714987715,0.002221866367748909,0.0008318002480413352,0.004187456480666316,1.1924616678009528
2015-12-31,2016-02-29,ZBH,127000000,0.63,200100000,1933600000,507500000,9887900000,11497400000,10038100000,1459300000,338000000,387100000,49.41479260369815,0.012843981027316214,0.0046657726997189515,0.010654828270004421,1.1627747044367358
2016-03-31,2016-05-10,ZBH,108800000,0.53,200100000,1904000000,489900000,9659700000,11117400000,10120600000,996800000,245200000,265200000,48.2743628185907,0.011263289750199282,0.004137306871808132,0.008626447573102155,1.150905307618249
2016-06-30,2016-08-08,ZBH,-31300000,-0.16,195625000,1934000000,450900000,9548400000,11033500000,10057200000,976300000,333500000,387200000,48.8097124600639,-0.0032780361107620126,-0.001201853849964098,-0.0029060032159986806,1.1555339114406602
2016-09-30,2016-11-08,ZBH,158800000,0.79,200100000,1832800000,483100000,9745500000,11582000000,11106700000,475300000,296200000,352600000,48.703148425787106,0.016294700118003182,0.00587354132376602,0.014266732221213514,1.1884459494125494
2016-12-31,2017-03-01,ZBH,69600000,0.33,200400000,2013100000,372900000,9668900000,11241400000,10607300000,634100000,572600000,627200000,48.24800399201597,0.00719833693594928,0.002625533311453889,0.01349341246733263,1.1626348395370725
2017-03-31,2017-05-09,ZBH,299400000,1.49,201100000,1972400000,615700000,9933400000,11512800000,10473300000,1039500000,232300000,275400000,49.395325708602684,0.030140737310487848,0.011093901688911285,0.019251494095324218,1.1589989328930679
2017-06-30,2017-08-08,ZBH,184200000,0.91,201800000,1949500000,542800000,10278900000,10683700000,10233700000,450000000,409800000,440500000,50.93607532210109,0.01792020546945685,0.006952465067826165,0.012735868389709425,1.0393816458959617
2017-09-30,2017-11-06,ZBH,98800000,0.49,202300000,1813100000,476000000,10449800000,10424700000,9943900000,480800000,427500000,463500000,51.654967869500744,0.00945472640624701,0.0037399451121415727,0.007979172134889481,0.9975980401538785
2017-12-31,2018-02-27,ZBH,1231400000,6.21,202500000,2074300000,220300000,11735800000,10142500000,9618100000,524400000,356700000,402900000,57.95456790123457,0.1049268051602788,0.0466570174973288,0.02051880554555048,0.8642359276742957
2018-03-31,2018-05-08,ZBH,174700000,0.86,203000000,2017600000,564900000,11998400000,11111900000,9346500000,1765400000,463800000,490500000,59.10541871921182,0.014560274703293772,0.006427236472267597,0.011137093321628287,0.9261151486864916
2018-06-30,2018-08-06,ZBH,185000000,0.91,203300000,2007600000,554700000,12043100000,9513300000,9032100000,481200000,366300000,393300000,59.23807181505165,0.015361493303219271,0.007257520360286849,0.011806553773803519,0.7899378067108968
2018-09-30,2018-11-01,ZBH,162200000,0.8,203700000,1836700000,481700000,12216800000,9197400000,8672800000,524600000,422600000,484100000,59.97447226313206,0.013276799161809967,0.006390355369947207,0.011169929130404604,0.7528485364416214
2018-12-31,2019-02-26,ZBH,-901100000,-4.41,204400000,2071000000,-544900000,11271300000,8938700000,8395900000,542800000,332000000,379500000,55.14334637964775,-0.07994641256997861,-0.03734850871230333,-0.042380300591259974,0.793049603861134
2019-03-31,2019-05-06,ZBH,246100000,1.2,204400000,1975500000,597400000,11534400000,8810600000,8223800000,586800000,245800000,283600000,56.43052837573386,0.02133617700097101,0.01013215859030837,0.014938255202345277,0.7638542100152587
2019-06-30,2019-08-05,ZBH,133700000,0.65,204800000,1988600000,453000000,11659100000,8719300000,8316200000,403100000,44500000,301000000,56.92919921875,0.011467437452290485,0.0055234924005502836,0.009412907906339169,0.7478536079114169
2019-09-30,2019-11-05,ZBH,431100000,2.1,205300000,1892400000,492900000,12081500000,8345900000,7833400000,512500000,519300000,577900000,58.84802727715538,0.03568265529942474,0.017729650588932028,0.0283668548133848,0.6907999834457642
2019-12-31,2020-02-21,ZBH,320700000,1.56,205800000,2125700000,595500000,12388100000,8221400000,7603500000,617900000,371500000,423300000,60.194849368318756,0.02588774711214795,0.013016108804441793,0.018989690746185322,0.6636530218516157
2020-03-31,2020-05-11,ZBH,-508500000,-2.46,206500000,1783800000,-200000000,11878600000,9674200000,7240600000,2433600000,410700000,450900000,57.523486682808716,-0.04280807502567643,-0.019931093682019684,-0.023937964823371388,0.814422575050932
2020-06-30,2020-08-05,ZBH,-206600000,-1.0,206600000,1226100000,87800000,11641400000,8209300000,7495900000,713400000,-71800000,-52800000,56.34753146176186,-0.017747006373803838,-0.008736615977942794,-0.008231774294419623,0.7051815073788376
2020-09-30,2020-11-06,ZBH,242500000,1.17,207100000,1929300000,568400000,11872200000,8290200000,7322900000,967300000,350700000,381300000,57.325929502655725,0.020425868836441433,0.010093442384133525,0.015527520382256145,0.6982867539293476
2020-12-31,2021-02-22,ZBH,333700000,1.61,207400000,2085300000,514100000,12194200000,8126500000,7324400000,802100000,397000000,425100000,58.79556412729026,0.027365468829443507,0.013666315828272114,0.021744258536092582,0.6664233816076496
2021-03-31,2021-05-04,ZBH,198100000,0.95,208000000,1601400000,502100000,12445000000,7838700000,7114400000,724300000,220700000,246500000,59.83173076923077,0.015918039373242265,0.008245028426826933,0.012277765488518222,0.629867416633186
2021-06-30,2021-08-03,ZBH,141900000,0.68,208600000,1763300000,468600000,12577900000,7852500000,6810100000,1042400000,429300000,453900000,60.2967401725791,0.011281692492387441,0.005858020410185277,0.009762355246280137,0.6243093044148864
2021-09-30,2021-11-04,ZBH,145600000,0.7,208800000,1685400000,476300000,12708600000,7503800000,6584200000,919600000,389100000,433100000,60.86494252873563,0.011456808775160128,0.006064493556475596,0.010739453417901572,0.5904505610374078
2021-12-31,2022-02-25,ZBH,-84000000,-0.4,208900000,2037900000,177200000,12660700000,7068800000,6690700000,378100000,294200000,365700000,60.606510292005744,-0.006634704242261486,-0.0035811121911290735,-0.0028101713477967933,0.5583261589011665
2022-03-31,2022-05-05,ZBH,14200000,0.35,209200000,1663200000,376100000,12015500000,6300800000,5865000000,435800000,200800000,237200000,57.435468451242826,0.0011818068328409137,0.0006568752168382097,0.005756464220688667,0.5243893304481712
2022-06-30,2022-08-02,ZBH,153700000,0.73,209600000,1781800000,471000000,12118400000,6023900000,5637500000,386400000,311600000,352500000,57.81679389312977,0.012683192500660153,0.007164599327823537,0.010359986099999574,0.4970870742012147
2022-09-30,2022-11-02,ZBH,194000000,0.92,209800000,1669800000,451300000,12244700000,5714300000,5168900000,545400000,403600000,450800000,58.36367969494757,0.01584358947136312,0.009093764209006577,0.013808386331155892,0.4666753779186097
2022-12-31,2023-02-24,ZBH,-130500000,-0.62,209800000,1825100000,196300000,12020300000,5696500000,5320800000,375700000,180800000,244200000,57.29408960915157,-0.010856634193822117,-0.006194816291654799,-0.0032321284752180822,0.47390664126519305
2023-03-31,2023-05-02,ZBH,232500000,1.11,209400000,1831000000,566800000,12150700000,5789800000,5459600000,330200000,247000000,307700000,58.026265520534864,0.019134700058432846,0.010944524207404618,0.015434596801632453,0.4764992963368366
2023-06-30,2023-08-01,ZBH,209600000,1.0,208600000,1869600000,565900000,12371500000,5709400000,5389600000,319800000,198300000,347900000,59.307286673058485,0.016942165460938446,0.009843009631685475,0.014021021064316599,0.4614961807379865
2023-09-30,2023-11-07,ZBH,162700000,0.78,208900000,1753600000,511500000,12510800000,5482400000,5190300000,292100000,221200000,337600000,59.88894207754907,0.01300476388400422,0.0076682707036239296,0.011341216494978847,0.43821338363653806
2023-12-31,2024-02-23,ZBH,419200000,2.01,207900000,1940100000,576000000,12480500000,5767900000,5352100000,415800000,525600000,588400000,60.03126503126503,0.03358839790072513,0.01950048611660286,0.027696665101436327,0.4621529586154401
2024-03-31,2024-05-02,ZBH,172400000,0.84,205200000,1889200000,504400000,12598000000,5796200000,5403200000,393000000,129600000,228000000,61.393762183235864,0.013684711859025242,0.008036396860024985,0.011861970708228935,0.4600889030004763
2024-06-30,2024-08-07,ZBH,242800000,1.18,205700000,1942000000,596500000,12741100000,5834700000,5414600000,420100000,223000000,369400000,61.94020418084589,0.019056439396912355,0.011282527881040892,0.015653848931355876,0.4579431917181405
2024-09-30,2024-10-30,ZBH,249100000,1.23,202300000,1824200000,535500000,12374700000,6450700000,5881700000,569000000,368600000,395700000,61.17004448838359,0.020129780923981995,0.011468534044189077,0.016868398534379152,0.5212813239916927
2024-12-31,2025-02-25,ZBH,239500000,1.2,199100000,2023200000,614500000,12468100000,6204600000,5679100000,525500000,421400000,506300000,62.62230035158212,0.019209021422670655,0.011209765367207575,0.016064531331322657,0.4976379721048115
2025-03-31,2025-05-05,ZBH,182000000,0.92,198900000,1909100000,549600000,12395100000,7176300000,5791800000,1384500000,335800000,382800000,62.31825037707391,0.01468322159563053,0.008204148053317947,0.012935554818105197,0.5789626545973813
2025-06-30,2025-08-07,ZBH,152800000,0.77,197900000,2077300000,575700000,12525000000,7572500000,7015600000,556900000,298100000,378200000,63.28954017180394,0.012199600798403194,0.006682673594255,0.01062205175225782,0.6045908183632734
